1793 2999
852 777 991 886 tv„

228 924 543 1009 conferuntur
575 953 731 1021 plebis
765 916 1288 1017 antedoniinationem
1320 952 1588 1029 Romanam

367 1037 569 1090 numina
602 1052 709 1091 cum
745 1034 954 1104 publicis
987 1036 1310 1090 Romanorum
1329 1033 1452 1088 ruiis.

280 1311 399 1352 Haec
427 1311 585 1365 igitur,
622 1313 671 1351 ut
700 1309 1092 1365 comprobavimus,
1126 1308 1357 1366 praecipua
1385 1308 1488 1349 sunt
1515 1305 1645 1362 prisci

165 1383 287 1426 Latii
325 1382 523 1436 numina,
564 1396 674 1438 quae
722 1381 777 1426 ab
820 1381 919 1424 aliis
939 1381 948 1389 ”
958 1380 1212 1424 sacerdotiis
1249 1379 1295 1421 in
1318 1371 1441 1425 [aliis‘
1475 1374 1644 1435 oppidis

170 1455 288 1497 aliud
318 1455 417 1497 aliis
444 1455 628 1497 fortasse
657 1453 1163 1510 sao1·is2et,0aerimoniis
1191 1450 1462 1502 colebantur3
1500 1453 1644 1505 atque,

172 1541 301 1583 quum
344 1542 397 1569 ex
433 1526 552 1568 Latii
593 1525 761 1582 oppidis
801 1526 1010 1582 pagisque
1052 1524 1175 1581 plebs
1203 1524 1399 1567 Romana
1439 1524 1532 1564 orta
1574 1521 1646 1574 sit,

171 1598 340 1643 eosdem
370 1599 476 1641 haec
505 1598 604 1640 illos
634 1597 736 1640 deos
766 1600 971 1640 venerata
1000 1597 1059 1639 sit
1087 1608 1261 1638 necesse
1290 1596 1369 1637 est.

282 1670 401 1720 Quos
429 1670 565 1725 igitur
593 1669 695 1711 deos
730 1669 769 1711 si
796 1668 1052 1712 conferimus
1082 1683 1178 1711 cum
1207 1653 1290 1720 iis‚‘
1327 1680 1433 1722 quos
1467 1665 1511 1707 in
1541 1664 1647 1707 indi-

170 1743 502 1798 gitamentorum
535 1756 643 1798 quac
672 1742 883 1784 vocantur
902 1739 1026 1784 libris
1051 1741 1322 1795 enumeratos
1351 1737 1484 1780 fuisse
1506 1736 1645 1780 Varro

170 1817 390 1858 asseverat
418 1814 473 1869 ¹),
503 1814 668 1855 nullum
696 1814 783 1855 fere
814 1828 865 1854 ex
894 1813 963 1855 his
990 1812 1171 1869 plebeiis
1206 1811 1290 1852 diis
1318 1809 1380 1852 ibi
1409 1809 1559 1851 deesse
1587 1809 1648 1850 in-

168 1887 384 1939 venimus3
427 1888 558 1941 atque
596 1884 634 1928 si
664 1898 759 1928 cum
793 1885 847 1927 iis
877 1884 960 1927 diis
990 1898 1063 1927 eos
1091 1881 1452 1939 comparabimus,
1482 1894 1589 1936 quos
1619 1895 1645 1922 a

171 1958 353 2001 Romulo
392 1958 620 1999 institutos
656 1970 751 1999 esse
779 1956 946 1998 Ennius
983 1959 1028 1998 et
1058 1955 1210 1999 Livius
1236 1953 1435 2006 tradunt,
1465 1954 1510 1994 et
1538 1965 1645 2008 quos

167 2032 213 2073 in
242 2043 417 2073 numero
451 2028 707 2072 selectorum
744 2027 918 2087 deorum
959 2026 1091 2069 fuisse
1119 2024 1164 2069 S.
1193 2024 1466 2081 Augustinus
1493 2037 1646 2066 memo-

167 2103 258 2144 riae
286 2101 451 2158 prodit‚
487 2101 627 2143 facere
656 2115 740 2145 non
770 2113 1015 2156 possulum,
1046 2097 1392 2157 quinhexceptis
1419 2096 1489 2150 iis,
1518 2096 1592 2151 qui
1621 2110 1644 2137 e

167 2173 376 2230 religione
414 2164 671 2216 Sabinorum
713 2167 783 2215 vel
820 2171 1080 2215 Graecorum
1114 2170 1159 2213 in
1197 2169 1437 2213 Romanum
1478 2168 1642 2211 cultum

163 2244 404 2292 introducti
432 2246 557 2299 sunt,
598 2244 761 2301 priscos
790 2234 982 2287 Latinos
1000 2243 1247 2300 plebeiosve
1275 2243 1407 2298 atque
1435 2241 1646 2285 Romano-

166 2333 260 2372 rum
301 2317 554 2360 selectos
595 2316 697 2359 deos
742 2315 911 2358 eosdem
960 2330 1054 2358 esse
1096 2313 1301 2357 dicamus.
1368 2313 1481 2357 Sunt
1528 2313 1642 2356 enim

166 2388 281 2448 apud
309 2388 496 2432 Ennium
525 2387 694 2443 (fragm.
725 2387 863 2431 XLV.
893 2387 958 2430 ed.
981 2385 1184 2476 Vahlen.)
1213 2385 1277 2428 ita
1304 2384 1374 2428 illi
1401 2383 1464 2427 dii
1492 2384 1644 2428 Roma-

167 2470 321 2504 norum
345 2460 594 2531 compositi:

200 2652 226 2694 ¹)
252 2650 346 2686 Deos
368 2649 546 2684 Romanos
569 2648 606 2683 in
629 2647 910 2694 indigitamentis
926 2648 1145 2685 enumeratos
1167 2644 1383 2691 conquisivit
1404 2646 1440 2680 et
1461 2645 1498 2680 in
1521 2641 1645 2681 ordine

254 2709 429 2758 disposuit
450 2708 705 2760 Ambroschius
737 2709 774 2744 in
796 2708 881 2744 libn‘
903 2708 977 2753 sni,
1012 2707 1072 2754 qui
1094 2704 1299 2745 inscribitur
1329 2703 1473 2750 „Ueber
1494 2703 1552 2740 die
1575 2703 1643 2740 Re-

254 2770 520 2816 ligionsbiioher
542 2769 603 2806 der
624 2769 764 2814 Romen
789 2770 890 2806 Bonn
914 2769 1037 2812 1843⁴‘‚
1059 2779 1143 2814 pgg.
1168 2768 1208 2802 11
1233 2778 1311 2814 sqq.
1334 2786 1377 2791 —
