1793 2999
877 139 929 175 18

157 255 262 300 deos
302 256 462 313 optime
498 268 831 310 cognoscemus,
871 255 911 298 si
948 255 1051 299 illos
1087 255 1193 299 deos
1227 255 1494 308 noverimne,
1532 264 1640 310 quos

158 328 353 371 homines
382 325 545 369 eadem<
563 328 696 381 atque
724 326 886 383 plebeii
914 326 1052 384 stirpe
1081 329 1167 371 orti
1197 327 1434 371 coluerunt.
1481 351 1497 355 ·-
1564 342 1568 356 2

266 398 417 449 Plebis
458 397 668 453 originem
707 399 809 441 enm'
828 398 1011 455 optimis
1039 398 1319 454 antiquarum
1346 412 1485 442 rerum
1514 398 1643 454 scrip-

155 471 326 514 toribus
363 470 451 512 iam
488 469 620 526 supra
647 484 675 512 a
702 473 835 526 gente
862 469 1028 513 Latina
1054 469 1275 524 duximu83
1315 485 1402 526 qua
1428 471 1482 513 de
1509 479 1641 514 causa

157 542 423 600 plebeiorum
458 541 637 584 numina
665 541 817 584 eadem
846 541 972 584 nobis
1001 555 1098 584 esse
1126 541 1358 596 videntur,
1389 544 1521 598 atque
1549 541 1641 595 illa,

157 628 268 671 quae
297 612 461 670 passim
489 626 568 669 per
596 612 769 655 Latium
798 613 900 656 olim
929 613 1198 657 colebantur.
1237 614 1327 658 Sed
1353 615 1400 658 in
1420 613 1643 670 anquiren-

157 685 225 728 dis
252 685 324 728 his
352 683 603 727 numinil'ms
632 698 706 726 eos
733 687 937 728 auctores
964 684 1181 740 locosque,
1210 685 1289 740 qui
1304 685 1494 741 aliquem
1515 685 1642 733 de'um

158 760 204 800 et
240 771 318 814 per
344 755 522 799 Latium
563 758 609 798 et
637 754 802 799 Romae
836 756 1004 800 cultum
1038 755 1243 800 habuisse
1271 756 1474 811 tradunt,
1514 755 1645 814 plane

156 824 420 882 omittemus,
448 829 499 871 ut
527 816 655 870 nulla
677 827 856 872 numina
883 827 1133 883 habeamuS,
1164 828 1248 872 nisi
1277 842 1388 885 quae
1409 844 1436 872 a
1464 829 1640 873 Latinis

158 900 341 957 ideoque
369 915 397 943 a
425 899 608 956 plebeiis
637 899 758 943 culta
786 914 883 943 esse
910 914 989 957 pro
1018 904 1136 944 certo
1165 901 1379 948 affirmare
1398 913 1644 967 possumus3

159 987 271 1029 quae
311 973 350 1015 si
390 971 683 1018 invenerimus
731 975 776 1015 et
813 985 910 1016 cum
949 972 1006 1016 iis
1043 971 1129 1015 diis
1165 972 1494 1026 contulerimus,
1536 988 1642 1028 quos

158 1043 273 1100 apud
301 1043 521 1086 Romanos
551 1055 677 1085 sacra
704 1043 909 1086 habuisse
937 1043 1121 1096 scimus,
1159 1044 1389 1087 discrimen
1419 1044 1489 1087 vel
1517 1044 1645 1092 ratio-

157 1129 256 1158 nem
284 1115 373 1158 iam
401 1113 512 1157 satis
541 1114 736 1157 statuere
763 1114 1016 1171 poterimus,
1047 1128 1158 1170 quae
1186 1115 1302 1157 inter
1330 1115 1409 1158 hos
1436 1115 1643 1171 patricios

156 1186 435 1244 plebeiosque
463 1184 568 1228 deos
596 1184 907 1229 intercesserit.
937 1210 991 1218 —

268 1257 338 1301 Ac
365 1256 530 1314 primus
568 1255 743 1312 quidem
780 1271 846 1302 ex,
860 1257 942 1300 illa
971 1257 1225 1301 Latinorum
1282 1258 1502 1300 numinum
1532 1260 1644 1302 serie

159 1327 335 1372 obviam
362 1327 489 1371 nobis
517 1328 569 1371 fit
596 1328 765 1385 priscus
781 1330 812 1380 ¹)
840 1328 918 1373 ille
948 1327 1135 1382 Ianus,
1178 1342 1303 1385 quem
1320 1329 1643 1386 posterioribus

158 1399 428 1457 temporibus
455 1398 530 1442 vel
556 1400 643 1456 ipsi
669 1399 856 1444 Romani
884 1403 977 1442 tam
1006 1400 1258 1455 indigenam
1286 1400 1413 1444 deum
1434 1415 1530 1451 esse
1552 1416 1646 1444 cem

159 1471 340 1525 sebant',
369 1472 421 1514 ut
449 1483 547 1514 cum
575 1471 696 1515 nullo
725 1471 989 1515 Graecorum
1017 1471 1097 1514 deo
1127 1486 1224 1515 eum
1240 1472 1527 1515 conferre‘vel
1548 1487 1644 1516 eon-

158 1541 339 1586 fundere
366 1543 558 1599 possent.
574 1541 611 1597 ²)
668 1542 816 1602 Quare
841 1542 1080 1597 Dionysius
1094 1575 1105 1596 ,
1134 1544 1208 1598 qui
1235 1544 1330 1599 ipse
1350 1543 1544 1588 Graecus
1566 1545 1645 1588 La·

158 1613 277 1657 tinas
293 1612 540 1670 resubique
559 1626 656 1657 cum
669 1612 850 1656 Graecis
862 1618 1110 1670 comparare
1126 1614 1287 1668 studet,
1310 1602 1644 1670 ,,ε·πιχώριον“,3)

158 1686 187 1728 i.
217 1699 255 1727 e.
283 1684 492 1728 Latinum
521 1698 619 1730 eum
649 1683 775 1728 deum
803 1685 1010 1741 appellat.
1033 1685 1069 1740 ⁴)
1124 1685 1360 1729 Golebatur
1386 1686 1458 1728 hic
1477 1686 1592 1730 deus
1620 1702 1651 1734 a,

158 1755 369 1802 fratribus
405 1755 498 1800 illis
527 1754 786 1809 Arvalibus,
827 1770 935 1812 quos
964 1760 1067 1801 ante
1095 1758 1278 1802 Romam
1301 1758 1527 1818 ⁷conditam
1553 1759 1643 1813 jam

159 1827 385 1873 exstitisse
413 1827 589 1885 plurimi
617 1827 841 1884 accipiunt
869 1842 1029 1883 eorum,
1059 1829 1133 1885 qui
1161 1830 1215 1872 de
1245 1830 1326 1873 hoc
1347 1829 1531 1884 collegio
1552 1844 1644 1884 ege-

158 1903 274 1945 runt.
293 1899 330 1956 Ι5)
386 1899 557 1944 Deinde
595 1900 774 1944 maximi
801 1901 1009 1945 momenti
1039 1903 1106 1944 est
1120 1934 1131 1955 ,
1174 1901 1288 1957 quod
1316 1902 1481 1955 Ianus,
1512 1914 1647 1958 quum.

157 1973 350 2016 Ramnes
390 1987 417 2015 a
456 1971 630 2015 Latinis
670 1972 840 2015 oriundi
878 1973 992 2026 (vid.
1028 1987 1143 2029 supr.
1174 1987 1272 2029 pag.
1302 1973 1369 2028 9.)
1411 1988 1438 2016 a
1467 1973 1644 2019 Sabinis

158 2043 392 2092 admodum
429 2046 708 2100 urgerentur,
749 2044 865 2102 apud
893 2048 1063 2102 portam
1092 2044 1320 2090 [annalem
1350 2059 1461 2101 quae
1492 2047 1645 2103 postea

197 2245 228 2290 ¹)
250 2244 319 2283 Ov.
341 2243 441 2288 Fast-
465 2244 497 2290 1,
519 2245 602 2281 103:
627 2269 782 2290 .....
806 2256 883 2282 sum
906 2255 962 2282 res
985 2245 1136 2294 primast*
1159 2263 1204 2271 —

189 2320 222 2368 ¹)
243 2322 271 2360 l.
294 2321 319 2358 l.
342 2321 374 2367 1,
395 2322 452 2359 89.
475 2333 565 2370 sqq:
589 2321 723 2368 „Quem
745 2325 864 2359 tamen
888 2334 964 2359 esso
988 2323 1092 2359 deum
1114 2325 1149 2358 te
1172 2321 1305 2366 dicam,
1328 2321 1414 2358 Iane
1438 2321 1624 2359 biformis?

594 2381 686 2419 Nam
709 2382 777 2420 tibi
799 2394 865 2432 par
888 2384 1024 2420 nullum
1049 2382 1200 2419 Graecia
1223 2393 1351 2418 numen
1373 2382 1514 2419 habet.“

194 2443 224 2491 ⁸)
246 2443 355 2481 Dion.
377 2442 449 2490 111,
470 2432 528 2479 22.
626 2488 628 2490 Ι

192 2521 226 2566 ⁴)
249 2521 484 2558 Consentiunt
513 2532 593 2558 cum
627 2520 802 2569 Dionysio
837 2520 1058 2557 Herodianus
1092 2521 1187 2557 Hist.
1223 2521 1253 2565 J,
1278 2521 1341 2557 16:
1379 2519 1530 2568 ,,(’Ίαι·ος)
1566 2527 1646 2562 θεὸς

251 2584 471 2628 ἀρχαιότατος
505 2587 566 2626 τῆς
602 2584 734 2622 Ἰταλίας
769 2583 966 2627 ἐπιχώριος“
997 2584 1033 2617 ct
1062 2581 1209 2629 Procop.
1251 2581 1342 2620 Bell.
1371 2582 1480 2620 Goth.
1515 2583 1549 2627 I,
1583 2585 1645 2620 25:

251 2645 299 2683 ,50
322 2645 431 2682 Ἴωνος
469 2649 603 2689 πρῶτος
638 2639 681 2687 ἦν
700 2643 780 2678 ’τοῖν
816 2644 963 2688 ἀρχαίων
993 2647 1084 2677 θεῶν
1112 2641 1188 2686 (οὓς
1213 2645 1256 2685 δή
1279 2644 1426 2685 ’Κυμαῖοι
1451 2629 1585 2688 γλαῖσᾶῃ,
1607 2651 1649 2689 τῇ

254 2708 396 2751 σφετέρᾳ
420 2708 563 2749 πένητας
585 2704 764 2752 (nevira)
789 2703 974 2751 ἐκάλουν.)“
1313 2697 1315 2699 ’

195 2780 227 2827 ⁶)
249 2781 304 2821 cf.
324 2782 455 2819 Marini
468 2809 478 2828 ,
501 2783 580 2819 Atti
603 2783 646 2819 de
675 2783 776 2821 Frat.
797 2783 924 2822 Arval.
946 2793 1100 2831 prooem.
1125 2793 1159 2829 p.
1183 2782 1239 2818 32.
