1793 2999
875 110 926 156 1'5

159 240 322 291 essent,
363 237 500 280 multa
528 235 779 288 constituit,
828 236 904 278 sed
934 249 985 278 ea
1015 235 1109 278 sine
1137 235 1359 291 impensa“
1392 235 1556 286 (Cicero
1586 235 1640 278 de

157 323 244 365 rep.
272 308 332 362 Π,
363 313 428 362 14,
460 306 545 361 27).
584 329 630 336 —-
678 305 798 355 Quae
840 306 1089 362 ceteroquin
1126 296 1338 361 ejusmodi
1374 307 1528 363 religio
1559 307 1644 350 cul·

157 383 312 435 tueque
341 378 514 435 propria
543 376 752 429 habebat,
784 377 839 419 ad
868 380 1062 420 nostram
1094 391 1185 419 rem
1214 377 1325 419 nihil
1353 379 1586 432 pertinent.

255 450 320 498 ,In
350 447 559 491 eiusmodi
596 448 733 502 igitur
760 448 1003 501 civitatem,
1050 447 1124 490 ubi
1152 447 1307 502 religio
1343 462 1439 491 cum
1467 448 1643 504 publica

158 521 299 563 salute
335 524 426 562 tam
467 520 560 560 arte
590 518 869 572 cohaerebat,
900 518 975 561 ubi
1004 520 1122 560 cives
1151 521 1270 560 certa
1297 519 1470 560 ratione
1498 518 1643 571 divisi,

156 591 231 633 ubi
260 590 435 632 deorum
465 587 606 630 cultus
636 589 765 631 certis
785 589 1037 631 sacerdotiis
1055 588 1242 631 traditus
1263 592 1307 630 et
1329 588 1514 631 confisus
1533 594 1640 643 erat,

157 661 281 703 nlebs
310 661 507 714 ingressa
538 663 617 702 est.
675 659 797 709 Quae
836 674 965 715 quum
997 660 1044 701 in
1074 660 1193 715 agris
1220 659 1382 716 passim
1411 658 1644 714 habitaret,

157 736 225 774 tot
253 732 333 774 illa
362 731 539 772 numina
568 731 707 773 colere
737 745 821 772 non
862 734 1055 787 poterat,
1102 731 1257 787 quippe
1294 743 1422 786 quum
1465 732 1644 786 agresti-

157 802 237 845 bus
278 801 523 844 hominibus
566 802 783 857 proprium
821 801 881 842 sit
909 801 1061 855 gravia
1090 805 1260 844 tantum
1290 815 1532 856 magnaque
1560 802 1639 844 illa

158 874 267 916 coeli
311 875 576 928 naturaeque
611 871 808 927 prodigia
837 874 881 913 et
917 874 1118 927 portenta
1147 872 1430 928 contemplari
1459 876 1503 914 et
1530 876 1636 915 tam-

159 943 285 999 quam
315 942 417 985 deos
446 943 621 994 timere,
661 956 797 997 neque
834 942 909 983 ille
939 942 1012 997 qui
1040 942 1203 985 Romae
1231 942 1377 985 floruit
1407 944 1562 999 anxius
1592 948 1636 985 et

157 1014 360 1057 definitus
391 1013 565 1056 deorum
596 1013 738 1054 cultus
767 1012 880 1068 apud
900 1024 995 1054 eam
1024 1012 1194 1069 prodire
1216 1016 1404 1069 poterat,
1435 1014 1570 1069 quiin
1589 1015 1644 1059 ci-

156 1087 294 1128 vitate
325 1085 433 1128 bene
463 1084 702 1127 constituta
732 1086 847 1126 certe
875 1084 1016 1126 loc-um
1047 1083 1248 1127 habebat.
1293 1085 1448 1140 Itaque
1478 1086 1516 1127 si
1546 1085 1640 1127 reli.

156 1157 326 1211 gionem
356 1157 603 1211 cultumque
634 1154 911 1210 patriciorum
940 1155 1311 1211 plebeiorumque,
1343 1156 1492 1211 quales
1521 1156 1566 1198 in
1588 1170 1633 1198 re

157 1227 331 1284 publica
365 1227 562 1270 Romana
596 1226 789 1280 fue-runt,
834 1240 1081 1282 comparare
1112 1226 1331 1281 volumus,
1360 1227 1535 1283 cognito
1564 1241 1635 1284 pa-

157 1299 378 1341 triciorum
409 1299 550 1350 cultu,
594 1298 667 1352 qui
695 1297 844 1339 multis
874 1298 983 1340 loeis
1011 1297 1067 1340 ab
1096 1299 1287 1354 antiquis
1315 1312 1457 1341 rerum
1486 1300 1633 1354 sripto·

156 1370 276 1414 ribus
327 1373 565 1423 tractatur,
617 1369 799 1425 primum
845 1368 1018 1424 quidem
1065 1369 1377 1426 anquirendum
1416 1369 1522 1423 erit,
1567 1369 1639 1425 qui

158 1441 317 1482 suerint
346 1441 407 1482 dii
436 1440 713 1497 plebeiorum,
743 1441 974 1494 antequam
1003 1440 1295 1483 Romanorum
1311 1441 1358 1482 in
1375 1442 1638 1497 potestatem

159 1513 368 1554 venerint.
427 1512 552 1562 Quod
582 1511 637 1563 si,
678 1513 883 1565 quantum
919 1511 965 1552 in
1000 1515 1091 1554 tam
1139 1528 1236 1555 raro
1265 1513 1450 1554 fontium
1478 1511 1641 1555 auxilio

158 1583 250 1625 fieri
278 1584 461 1639 poterit,
492 1583 600 1625 satis
628 1581 993 1638 perspexerimus,
1024 1582 1203 1626 eandem
1231 1583 1343 1627 hanc
1371 1582 1635 1640 plebeiorum

158 1654 409 1709 religionem
441 1653 826 1705 considerabimus,
857 1653 930 1694 ubi
959 1654 1004 1695 in
1033 1667 1121 1697 rem
1150 1653 1369 1708 publicam
1396 1652 1635 1697 Romanam

158 1726 321 1782 recepti
351 1729 452 1768 sunt
482 1729 525 1767 et
554 1724 675 1767 illam
705 1724 915 1766 rationem
945 1723 1233 1779 intuebimur,
1273 1736 1357 1781 qua
1393 1724 1437 1767 iu
1478 1739 1524 1768 re
1564 1738 1637 1782 pu-

158 1797 273 1839 blica
310 1811 430 1844 suam
459 1796 709 1849 religionem
740 1795 996 1837 retinuerint
1026 1795 1098 1837 vel
1115 1795 1335 1851 publicum
1357 1795 1530 1838 deorum
1554 1796 1638 1839 eul-

158 1871 248 1909 tum
280 1867 466 1923 amplexi
496 1867 597 1909 sint.
629 1890 683 1895 ——
