1793 2999
619 780 1126 867 Praefatio

132 1089 316 1162 Priscae
347 1134 414 1162 res
446 1124 487 1161 et
525 1120 712 1162 conditio
743 1119 1030 1161 Romanorum
1069 1120 1212 1162 densis
1251 1120 1391 1162 adhuc
1418 1119 1609 1162 tenebris

118 1192 364 1233 'obvolutae
404 1195 515 1233 sunt.
574 1190 773 1233 Nondum
814 1193 995 1232 constat
1024 1191 1137 1232 inter
1178 1191 1450 1234 doctissimos
1480 1192 1609 1243 viros,

134 1276 240 1316 quae
270 1262 400 1303 fuerit
436 1262 571 1317 ipsius
601 1262 762 1303 Romae
793 1261 935 1315 origo,
978 1261 1089 1302 unde
1119 1262 1243 1317 primi
1283 1262 1401 1304 urbis
1429 1262 1609 1315 incolae,

133 1334 357 1389 praecipue
387 1335 553 1389 priscae
583 1333 685 1375 illae
716 1333 854 1375 tribus
893 1333 1096 1375 oriundae
1127 1333 1240 1387 sint,
1277 1334 1355 1376 sub
1386 1333 1524 1376 iudice
1554 1334 1608 1376 lis

133 1409 198 1446 est
221 1405 387 1459 fuitque
416 1406 528 1446 inter
554 1406 670 1459 ipsos
692 1401 891 1459 antiquos
916 1418 1053 1446 rerum
1080 1406 1321 1460 scriptores,
1354 1406 1509 1461 quippe
1536 1407 1608 1460 qui

133 1476 350 1518 nonnullis
386 1476 554 1518 demum
592 1477 775 1518 saeculis
816 1480 967 1532 postea
1006 1476 1058 1518 ad
1090 1476 1392 1518 describendas
1433 1490 1500 1518 res
1529 1476 1610 1519 Ro-

133 1562 281 1589 manas
323 1561 415 1589 sese
453 1548 736 1599 accinxerint,
777 1561 884 1601 quae
924 1548 1053 1589 fuerit
1092 1547 1254 1599 ordinis
1287 1548 1458 1603 patricii
1488 1548 1606 1589 notio

134 1622 176 1659 et
206 1619 424 1670 circuitus,
469 1619 637 1673 quando
682 1618 876 1672 undeque
906 1619 1085 1661 clientes
1125 1617 1366 1674 plebeiique
1398 1619 1606 1673 originem

132 1691 410 1744 sumpserint,
453 1704 560 1744 quae
600 1691 705 1732 iuris
741 1690 980 1744 agendique
1021 1690 1132 1732 ratio
1162 1690 1452 1731 intercesserit
1493 1691 1608 1731 inter

131 1762 306 1804 comitia
333 1761 412 1802 illa
441 1762 624 1814 curiata,
654 1762 831 1814 tributa,
862 1762 1115 1803 centuriata.
1172 1762 1361 1804 Exstant
1390 1762 1475 1803 iam
1505 1761 1604 1803 inde

131 1833 185 1874 ab
215 1833 405 1888 antiquis
435 1833 697 1888 temporibus
735 1834 897 1875 multae
928 1833 979 1874 de
1009 1833 1075 1875 his
1112 1832 1240 1874 rebus
1270 1833 1606 1888 disquisitiones,

130 1907 174 1945 et
203 1905 362 1947 nostris
392 1904 662 1967 potissimum
692 1905 957 1961 temporibus
984 1905 1195 1947 clarorum
1214 1904 1402 1947 virorum
1431 1905 1608 1960 ingenia

129 1976 242 2019 haud
280 1976 524 2029 defuerunt,
552 1977 640 2031 ·qui
670 1976 941 2019 revolvendis
977 1977 1107 2032 prisci
1138 1976 1256 2018 illius
1287 1976 1382 2018 aevi
1410 1977 1610 2032 tempori-

129 2047 209 2089 bus
239 2047 451 2103 rebusque
468 2048 649 2090 multam
681 2063 852 2104 operam
867 2048 1124 2100 tribuerunt,
1155 2050 1285 2102 atque
1305 2062 1459 2089 novam
1478 2047 1607 2103 plane

129 2121 172 2159 et
202 2119 257 2160 ab
288 2119 478 2175 antiquis
508 2120 788 2175 scriptoribus
828 2119 1042 2162 diversam
1078 2118 1227 2161 iudicii
1257 2119 1371 2160 viam
1400 2122 1608 2161 monstra-

128 2194 293 2232 verunt.
358 2191 450 2232 Hos
490 2190 760 2233 doctissimos
797 2191 912 2232 viros
950 2191 993 2231 in
1035 2190 1306 2245 opinionibus
1353 2193 1397 2231 et
1433 2190 1606 2232 iudiciis

128 2261 216 2303 suis
247 2260 474 2303 admodum
504 2262 618 2303 inter
647 2276 692 2303 se
712 2262 880 2303 differre
910 2275 1033 2302 nemo
1063 2263 1130 2302 est
1161 2260 1233 2315 qui
1253 2261 1444 2313 miretur,
1476 2275 1603 2316 quum

126 2332 268 2374 fontes
297 2332 377 2385 illi,
408 2332 503 2374 dico
533 2334 735 2388 antiquos
755 2334 997 2388 scriptores,
1029 2346 1207 2387 quorum
1225 2346 1277 2373 ex
1298 2332 1495 2387 operibus
1523 2347 1605 2373 om·

126 2404 193 2446 nis
229 2403 317 2444 fero
354 2404 608 2446 tractandae
648 2405 709 2446 rei
748 2404 928 2446 matoria
967 2403 1173 2445 sumenda
1213 2407 1299 2456 est,
1331 2404 1413 2458 ipsi
1446 2404 1515 2444 vel
1544 2404 1605 2445 in·

125 2476 244 2518 curia
273 2490 412 2519 rerum
442 2479 725 2518 tractatarum
766 2476 835 2518 vel
866 2475 998 2517 nimia
1028 2475 1284 2517 credulitate
1323 2474 1393 2516 vel
1430 2479 1604 2530 propter

126 2547 426 2590 difficultatem
447 2549 537 2590 veri
558 2548 812 2603 anquirendi
828 2547 941 2589 falsa
957 2546 1183 2588 admodum
1216 2550 1259 2587 et
1287 2560 1460 2601 prorsus
1490 2547 1605 2588 inter

124 2633 170 2659 so
200 2620 490 2674 discrepantia
519 2619 789 2661 tradiderint.
846 2619 916 2660 Ita
946 2619 1129 2673 posteris
1160 2618 1342 2670 demum,
1373 2619 1446 2672 qui
1475 2632 1603 2661 verus

124 2691 254 2733 fuerit
284 2691 454 2733 illarum
475 2705 616 2734 rerum
641 2694 795 2743 status,
827 2690 1065 2746 perspicere
1085 2690 1254 2743 licebit3
1283 2690 1465 2732 fortasse
1483 2704 1603 2746 prop-

124 2765 191 2803 ter
220 2758 437 2805 remotum
472 2762 580 2803 illud
618 2766 786 2818 tempus
825 2762 1090 2816 fontiumque
1129 2775 1256 2816 quam
1293 2761 1478 2803 diximus
1514 2776 1603 2816 per·

1256 2838 1276 2876 1
