1793 2999
882 126 906 163 8

262 243 327 283 De
359 243 523 296 origine
548 243 778 285 Ramnium
810 243 958 285 eadem
989 245 1205 286 sententia
1236 258 1394 296 sumus,
1425 259 1508 299 qua
1536 245 1632 286 Nie-

153 314 348 364 buhrius,
386 313 625 366 Beckerus,
679 314 895 369 Langius,
934 315 1007 370 qui
1036 315 1225 358 Ramnes
1266 316 1334 358 vel
1374 330 1547 372 prorsus
1577 316 1630 359 ab

151 384 268 427 Alba
291 399 461 440 quoquo
484 385 608 427 modo
639 389 756 428 ort-os
783 400 875 427 esse
903 386 1063 438 dicunt,
1095 387 1165 428 vel
1182 388 1419 429 concedunt
1449 402 1471 429 e
1502 392 1631 442 gente

151 456 311 497 Latina
341 470 413 497 eos
443 456 674 511 prodiisse:
719 457 857 499 Tities
888 461 931 498 et
961 457 1148 499 Luc-eres
1185 458 1295 500 unde
1326 459 1533 514 originem
1563 458 1633 500 du-

152 530 272 579 cant,
314 528 393 569 hoc
428 528 523 570 loco
565 529 791 583 anquirere
822 544 901 570 nos
931 544 1017 571 non
1048 531 1228 585 oportet.
1288 530 1452 579 Quodsi
1481 530 1632 573 Livius

151 599 313 655 aliique
344 599 522 641 tradunt
552 615 578 641 a
608 600 789 642 Romulo
811 601 980 655 asylum
1004 600 1332 656 amplificandae
1355 602 1473 645 urbis
1503 617 1633 645 causa

151 671 402 713 institutum
446 685 677 726 omnesque
716 673 927 726 fugitivos
964 673 1063 714 illos
1099 676 1141 714 et
1180 671 1370 719 advenas
1400 674 1443 714 in
1474 675 1633 716 civium

150 757 373 785 numerum
403 745 598 798 receptos
628 757 734 795 esse,
765 744 945 799 ideoque
976 745 1164 786 Ramnes
1195 744 1374 787 mixtam
1405 746 1558 787 mirum
1588 746 1632 787 in

150 814 322 857 modum
352 818 526 870 gentem
554 815 687 857 fuisse
718 839 773 844 --
795 816 876 857 hoc
907 830 1002 857 eum
1033 815 1158 858 nobis
1187 831 1358 858 sensum
1388 817 1545 859 habere
1576 818 1635 859 vi-

79 915 92 922 ·
150 885 288 938 detur,
318 889 368 927 ut
398 899 557 938 omnes,
604 887 676 941 qui
706 888 750 927 in
780 887 950 941 asylum
980 888 1281 941 confugerant,
1313 887 1492 929 clientes
1529 888 1633 930 facti

151 958 252 999 sint.
309 958 361 999 In
409 958 567 1000 civium
614 972 835 1000 numerum
879 959 1013 1014 recipi
1054 974 1138 1001 non
1171 956 1403 1014 -poterant,
1435 956 1633 1014 'primum

152 1027 346 1084 quidem,
386 1029 499 1085 quod
534 1029 602 1071 illi
632 1030 826 1072 homines
857 1030 1176 1073 diversissimae
1205 1031 1371 1086 gentis,
1401 1031 1526 1072 inulti
1556 1032 1634 1074 for·

150 1105 268 1144 tasse
298 1104 474 1157 propter
503 1102 674 1156 flagitia
704 1103 950 1157 sceleraque
982 1118 1003 1144 e
1034 1117 1112 1144 sua
1152 1103 1294 1158 patria
1332 1103 1458 1145 eiecti
1498 1107 1633 1155 erant,

151 1173 326 1225 deinde,
372 1173 485 1228 quod
526 1175 702 1229 propter
743 1173 957 1216 diversam
988 1174 1242 1228 religionem
1272 1174 1506 1216 Romuleae
1536 1176 1635 1217 civi-

151 1245 259 1286 tatis
300 1244 534 1300 participes
572 1244 666 1286 fieri
698 1245 815 1286 nullo
856 1245 980 1287 modo
1011 1247 1224 1301 poterant.
1282 1245 1346 1286 Ne
1384 1245 1479 1299 quis
1510 1245 1634 1287 nobis

155 1315 333 1358 obiiciat
353 1316 606 1370 religionem
632 1331 717 1358 non
741 1317 990 1372 praebuisse
1012 1316 1378 1372 impedimentum,
1409 1318 1634 1371 quominus

155 1401 302 1429 omnes
333 1387 526 1439 advenae
555 1387 860 1443 reciperentur,
891 1402 1018 1443 quum
1050 1402 1180 1442 regno
1211 1387 1380 1429 demum
1398 1387 1633 1429 constituto

151 1459 306 1514 religio
346 1474 372 1501 a
414 1459 596 1501 Romulo
642 1463 685 1501 et
723 1474 749 1500 a
784 1460 926 1501 Numa
970 1460 1240 1515 potissimum
1277 1459 1524 1501 introducta
1565 1461 1635 1501 sit.

154 1532 219 1574 Ea
250 1532 362 1574 enim
394 1534 461 1573 est
490 1545 693 1587 perversa
722 1531 1011 1573 Romanorum
1035 1531 1284 1587 plerumque
1314 1532 1543 1584 sententia,
1575 1536 1636 1583 ut,

154 1618 263 1659 quae
293 1604 347 1646 iis
378 1603 620 1659 antiquitus
651 1603 813 1645 tradita
843 1607 957 1656 sunt,
987 1603 1043 1645 ab
1067 1603 1212 1658 aliquo
1231 1602 1464 1658 priscorum
1487 1617 1636 1658 regum

153 1676 358 1717 instituta
396 1690 489 1717 esse
527 1679 749 1727 censeant3
790 1675 900 1716 unde
936 1675 1124 1730 priorum
1164 1688 1311 1729 regum
1353 1688 1485 1717 unum
1513 1676 1637 1729 regni

155 1747 442 1800 conditorem,
496 1747 679 1789 alterum
729 1746 952 1801 religionis
998 1745 1415 1798 administratorem,
1460 1746 1636 1789 tertium

154 1820 276 1873 regni
307 1819 665 1874 amplificatorem
688 1819 820 1859 fuisse
846 1819 1010 1859 volunt.
1070 1818 1175 1869 Imo,
1207 1818 1355 1871 negari
1380 1833 1465 1859 non
1494 1820 1638 1873 potest

154 1891 267 1943 illos,
300 1891 373 1945 qui
402 1890 583 1932 Romam
616 1888 898 1940 condiderint,
930 1892 974 1930 et
990 1888 1242 1943 religionem
1274 1891 1317 1929 et
1341 1887 1640 1930 administran-

156 1961 236 2003 dae
266 1962 329 2003 rei
358 1960 559 2016 publicae
588 1962 767 2002 formam
799 1975 821 2002 e
847 1961 936 2002 suis
968 1960 1136 2016 oppidis
1166 1974 1310 2001 secum
1341 1959 1505 2002 tulisse.
1555 1960 1640 2002 Ita-

156 2047 257 2088 que,
298 2035 372 2088 qui
413 2033 458 2074 in
497 2033 667 2087 asylum
704 2032 1005 2087 confugerant,
1047 2031 1172 2073 modo
1209 2031 1354 2073 aliena
1392 2032 1525 2087 stirpe
1557 2031 1639 2073 orti

155 2108 313 2158 essent,
344 2105 634 2146 Romanorum
665 2119 717 2145 ex
759 2119 873 2146 more
904 2104 957 2146 ad
995 2118 1119 2145 sacra
1157 2102 1331 2160 publica
1360 2102 1524 2145 aditum
1554 2118 1639 2146 non

153 2177 388 2221 habebant.
415 2178 445 2226 ¹)
503 2177 540 2218 E
570 2180 699 2232 gente
729 2177 865 2231 igitur
895 2176 1055 2219 Latina
1084 2175 1273 2219 Ramnes
1308 2178 1424 2218 ortos
1455 2190 1548 2218 esse
1578 2192 1640 2219 sa-

155 2250 213 2292 tis
244 2250 449 2305 probasse
480 2249 604 2291 nobis
635 2249 841 2292 videmur.

268 2321 339 2363 Ad
370 2321 510 2377 plebis
541 2321 724 2376 denique
755 2322 963 2377 originem
1005 2325 1052 2363 ut
1081 2323 1368 2373 revertamur,
1405 2321 1510 2362 haec
1540 2335 1640 2363 vera

155 2393 280 2435 nobis
311 2393 533 2435 videntur:
578 2392 766 2456 Primam
808 2393 948 2449 plebis
984 2396 1153 2449 partem
1194 2392 1360 2434 incolae
1390 2392 1531 2435 Albae
1561 2393 1641 2436 Ro-

193 2581 220 2619 ¹)
246 2576 437 2613 Occasione
462 2576 546 2611 data
578 2587 779 2620 monemus,
816 2576 844 2611 si
868 2576 1077 2619 Romulum,
1112 2574 1262 2610 Numam
1298 2575 1444 2610 alicuius
1480 2576 1530 2611 rei
1564 2587 1642 2611 auc-

245 2641 356 2673 torem
395 2637 504 2672 fuisse
537 2636 709 2680 dicemus,
752 2649 793 2672 ex
833 2637 1017 2672 'sententiis
1056 2636 1287 2671 recentiorum
1325 2636 1533 2683 scriptorum
1571 2648 1640 2672 non

244 2699 326 2735 illos
350 2710 415 2735 nos
437 2709 538 2746 reges
561 2697 696 2741 dicere,
721 2697 781 2734 sed
803 2697 892 2734 illud
916 2701 1053 2744 tempus
1075 2697 1241 2744 illamque
1266 2697 1316 2733 rei
1339 2696 1501 2744 publicae
1525 2698 1643 2734 condi-

246 2760 388 2803 tionem,
414 2759 467 2794 cui
494 2760 640 2806 quisque
665 2762 843 2806 tamquam
869 2764 990 2795 auctor
1013 2758 1191 2794 tribuitur.
