1793 2999
846 142 899 186 23

140 267 309 322 docuit,
362 269 484 310 cuius
539 267 808 323 ingeniosam
862 265 1160 322 probationem
1208 266 1276 308 hic
1335 264 1493 306 referre
1534 274 1618 305 non

139 338 264 381 iuvat
280 347 293 382 't
341 339 481 382 nobis.
512 338 623 381 satis
670 338 754 380 crit
800 337 956 380 Martis
1004 336 1208 380 Latinam
1253 335 1461 391 originem
1508 349 1622 378 mon-

140 412 312 453 strasse.
343 433 395 440 —-
816 418 820 421 '

249 481 535 525 Terrestrium
567 481 798 524 numinum
830 481 945 524 *serie
982 473 1047 524 ita
1075 480 1122 523 in
1150 479 1338 523 medium
1366 480 1538 537 prolata
1566 478 1621 522 ad

140 553 272 597 alium
309 553 436 597 deum
475 554 774 607 transeamus,
827 553 901 609 qui
945 541 1052 595 Iano
1091 552 1277 611 fortasse
1315 566 1399 594 non
1435 565 1620 605 coaevus

139 626 471 681 Tarquiniorum
507 639 560 667 ex
589 625 853 681 temporibus
890 625 937 667 in
965 625 1059 667 eius
1087 624 1230 667 locum
1259 624 1492 677 successit,
1534 624 1621 678 qui-

140 710 238 751 que,
267 695 373 739 lieet
401 711 486 739 non
515 696 696 752 liqueat,
726 695 936 751 quomodo
965 709 1069 751 erga
1097 708 1310 747 summum
1328 695 1452 737 illum
1466 694 1619 736 Ianum

104 813 106 815 v
139 778 235 809 sese
262 766 465 810 habuerit
480 801 491 822 ‚
531 769 679 810 tamen
717 780 796 828 per
820 767 1006 823 priscum
1041 766 1217 820 Latium
1246 766 1480 809 colebatur.
1537 764 1619 808 Ille

139 838 245 881 deus
291 838 459 895 Iupiter
502 842 589 893 est,
642 853 822 894 quocum
866 836 1178 894 coniungamus
1218 837 1352 880 liceat
1396 837 1618 880 Iunonem.

137 910 307 966 Iupiter
331 909 514 954 diversis
543 910 788 954 nominibus
816 910 1020 953 florebat:
1050 909 1227 963 Diovis,
1257 909 1446 952 Diovino
1475 909 1617 966 appel·

136 970 274 1036 latur,
315 981 429 1038 quod
469 982 635 1025 affatim
657 982 830 1039 ¹probat
870 982 1182 1025 Ambroschius
1216 981 1246 1023 l.
1283 982 1312 1024 l.
1341 996 1382 1038 p.
1421 986 1511 1023 144.
1541 995 1616 1036 sq;

138 1053 212 1095 ubi
253 1053 390 1096 eidem
441 1054 534 1097 deo‘
566 1055 726 1098 Latino
770 1054 942 1097 Lucetii
995 1067 1163 1109 quoque
1207 1066 1362 1095 nomen
1406 1041 1615 1096 vindicat.

71 1133 76 1141 ¹
135 1115 305 1168 Deinde
334 1127 383 1167 ut
411 1126 634 1170 mittamus
662 1126 1041 1170 locum‘Varronis
1071 1125 1157 1183 (ap.
1188 1124 1369 1168 Ter-tull.
1392 1124 1489 1168 adv.
1514 1125 1615 1168 Nat.

138 1196 197 1248 ΙΙ,
230 1199 325 1248 12.),
354 1197 429 1238 ubi
457 1197 637 1240 dicitur:
668 1197 833 1250 „Varro
863 1198 1188 1252 antiquissimos
1218 1197 1320 1239 deos
1349 1220 1402 1226 —
1431 1197 1617 1239 fortasse

135 1265 425 1327 Romanorum
453 1291 509 1298 —-
536 1269 704 1323 Iovem,
756 1269 964 1312 Iunonem
1006 1271 1051 1311 et
1089 1268 1329 1311 Minervam
1364 1267 1522 1311 refert“
1561 1292 1614 1298 ——

135 1339 255 1399 Iovis
296 1339 459 1381 cultum
507 1341 666 1396 ubique
711 1354 788 1397 per
827 1341 1004 1383 Latium
1043 1340 1316 1395 divulgatum
1357 1341 1612 1382 invenimus.

136 1410 314 1453 Tusculi
349 1410 572 1454 colebatur
598 1406 705 1454 'deus
733 1411 875 1454 Maius
904 1410 1172 1467 appellatus,
1207 1409 1320 1467 quod
1350 1410 1537 1454 Macrob.
1568 1412 1612 1455 S.

137 1482 195 1535 ΙΙ,
228 1486 292 1524 12.
323 1482 389 1524 his
418 1482 562 1524 verbis
590 1483 762 1539 probat:
794 1514 982 1535 .....
1018 1483 1133 1539 apud
1166 1495 1274 1538 quos
1310 1482 1617 1535 (Tusculanos)

137 1553 251 1595 nunc
280 1567 448 1609 quoque
476 1556 658 1597 vocatur
686 1554 804 1596 Deus
825 1553 982 1608 Maius,
1011 1555 1087 1609 qui
1106 1557 1175 1597 est
1196 1553 1375 1610 Iupiter,
1406 1568 1433 1597 a
1453 1555 1616 1609 magni·

137 1623 288 1666 tudine
335 1623 503 1666 scilicet
544 1627 589 1666 et
626 1625 854 1667 maiestate
893 1624 1075 1668 dictus.“
1147 1625 1268 1668 Idem
1307 1623 1532 1667 colebatur
1569 1626 1614 1667 in

138 1698 283 1737 monte
322 1694 514 1749 Albano,
554 1699 668 1738 teste
698 1695 910 1751 Dionysio
940 1696 1034 1749 (IV,
1062 1695 1172 1750 49.),
1202 1696 1316 1738 sicut
1345 1695 1519 1738 omnino
1548 1696 1613 1738 Iu-

136 1766 250 1822 piter
288 1765 408 1809 Latii
454 1766 673 1809 montibus
709 1766 939 1822 gaudebat.
958 1768 991 1821 ¹)
1065 1767 1213 1823 Atque
1251 1766 1502 1810 notissimus
1544 1771 1612 1810 est

136 1837 302 1893 Iupiter
329 1838 405 1881 ille
434 1838 649 1892 Latiaris,
686 1838 755 1881 cui
783 1837 973 1881 libenter
999 1850 1095 1880 cum
1125 1836 1410 1881 Ambroschio
1439 1838 1490 1894 (l.
1520 1854 1554 1882 s.
1584 1837 1614 1881 l.

137 1922 236 1951 ann.
266 1908 352 1963 57.)
381 1922 408 1951 a
437 1908 580 1965 prisca
608 1907 726 1952 Alba
755 1908 1010 1966 oppidisque
1039 1922 1135 1952 cum
1164 1909 1217 1951 ea
1243 1908 1414 1952 foedere
1441 1903 1614 1953 coniun-

135 1978 219 2021 ctis
258 1979 305 2021 in
340 1979 458 2023 edito
498 1975 682 2036 quodam
719 1983 764 2023 et
793 1981 1024 2038 conspicuo
1061 1979 1181 2022 Latii
1218 1980 1314 2023 loco
1343 1995 1467 2024 sacra
1494 1981 1614 2025 facta

137 2041 231 2093 esse
268 2053 615 2095 concesserimus.
685 2052 920 2096 Praeneste
958 2066 1082 2096 suum
1110 2051 1264 2095 habuit
1299 2051 1449 2098 Iovem
1477 2052 1614 2110 Impe-

134 2125 321 2165 ratorem
334 2155 345 2176 ,
386 2137 512 2179 quem
548 2126 796 2180 expugnato
836 2123 993 2181 oppido
1020 2124 1067 2165 in
1096 2122 1358 2181 Capitolium
1386 2123 1614 2168 devectum

136 2207 231 2236 esse
271 2193 401 2236 refert
428 2195 582 2237 Livius
612 2195 709 2250 (VI,
741 2199 837 2246 29.).
895 2194 1063 2237 Deinde
1090 2196 1258 2251 Iupiter
1286 2196 1349 2238 ibi
1377 2196 1614 2249 colebatur,

135 2262 211 2307 ubi
249 2263 434 2308 Latinae
469 2264 650 2322 originis
685 2267 873 2312 Ramnes
911 2264 1194 2322 habitabant,
1244 2269 1294 2310 ut
1332 2267 1378 2310 in
1416 2265 1614 2322 Palati03

135 2337 324 2392 itemque
360 2337 408 2377 in
449 2337 680 2393 Fagutali,
719 2341 850 2394 atque
866 2371 877 2392 ,
916 2338 1020 2381 licet
1049 2340 1180 2381 antea
1207 2339 1508 2394 negaverimus
1539 2353 1613 2381 eos

135 2421 214 2451 nos
243 2406 346 2450 deos
375 2406 586 2452 allaturos
616 2423 735 2465 esse,
765 2409 837 2465 qui
867 2409 1030 2453 Romae
1060 2408 1337 2463 colebantur,
1378 2411 1525 2453 tamen
1554 2407 1613 2453 fa·

170 2628 199 2673 ¹)
221 2627 459 2664 Oreu.1213:
495 2626 789 2674 „HERAISCVS
812 2630 825 2673 ss
847 2626 1035 2665 EGGIAE
1057 2627 1323 2666 NERVLLAE
1343 2627 1356 2673 n
1378 2626 1483 2669 SER
1505 2627 1614 2667 10V1

221 2687 234 2734 n
255 2687 291 2724 A
300 2687 338 2723 M
349 2688 384 2725 A
394 2687 427 2724 R.
438 2688 472 2725 A
482 2688 517 2726 N
527 2688 558 2725 0
579 2689 592 2734 ΙΙ
615 2688 757 2726 ΑΒΔΜ
781 2688 986 2727 ΡΟΞΝΙΤ.ιι
1024 2688 1108 2736 (Inv
1110 2691 1191 2725 enta
1206 2690 1260 2725 est
1275 2688 1314 2724 in
1325 2688 1406 2725 vico
1417 2688 1611 2735 Locomuo,

222 2748 327 2784 hodie
355 2748 392 2783 M
403 2760 455 2784 on
466 2741 661 2786 temarano
685 2749 877 2797 appellato.
