1793 2999
875 138 923 185 11

157 252 340 309 privatis
377 255 564 298 ministri
605 255 942 310 adhibebantur,
985 258 1106 300 velut
1141 257 1178 298 si
1207 270 1352 298 eorum
1383 255 1630 311 operatione

156 325 312 371 natura
339 339 556 371 sacrorum
584 327 759 371 minime
787 331 1039 385 tangeretur
1068 331 1113 371 et
1141 327 1389 371 violaretur.
1408 324 1441 380 ¹)

267 396 403 439 Plane
438 397 567 441 aliter
602 413 705 454 erga
734 401 1012 456 patriciorum
1041 399 1294 455 religionem
1323 397 1504 459 clientes
1534 410 1629 438 sese

156 465 387 510 habebant.
446 467 552 511 Cum
592 469 760 525 Langio
797 473 841 512 et
881 470 1070 515 Beckero
1105 471 1286 513 clientes
1322 483 1395 512 eos
1422 467 1543 511 Latii
1570 467 1631 508 111·

155 528 273 581 colas
311 553 420 585 esse
434 554 680 594 censemus,
721 554 900 596 quorum
939 544 985 586 in
1021 545 1239 600 potestate
1278 554 1382 595 ager
1409 539 1629 581 Romanus

154 609 444 654 Romanorum
474 615 577 654 ante
607 613 932 669 occupationem
956 615 1115 657 fuerat.
1184 612 1270 665 Qui
1297 614 1396 668 post
1417 623 1630 666 expugna-

153 683 244 723 tam
272 684 432 724 terram
461 683 651 726 maxima
681 698 879 739 agrorum
914 689 1036 741 parte
1065 685 1225 742 privat-i
1255 683 1464 737 reliquam
1493 681 1631 724 colue-

154 754 272 809 runt,
310 752 403 795 iure
433 755 552 797 civili
581 755 645 797 ita
673 755 858 810 privati,
899 759 948 798 ut
976 771 1051 812 pro
1081 771 1125 799 se
1154 756 1239 813 ipsi
1268 768 1395 810 agere
1424 768 1510 795 non
1538 767 1630 809 pos-

153 825 270 865 sent:
313 823 494 880 ideoque
539 825 724 881 singulis
763 826 1041 881 patriciorum
1083 825 1287 881 gentibus
1328 823 1467 867 additi
1513 827 1628 875 sunt,

153 905 332 948 quarum
361 895 440 937 sub
482 895 621 938 tutela
650 897 695 937 in
725 896 912 952 publicis
941 898 1069 939 rebus
1098 900 1267 948 essent,
1305 911 1331 937 a
1360 895 1517 949 quibus
1545 895 1629 950 ipsi

152 964 280 1020 plane
318 966 524 1021 prohibiti
559 970 703 1019 erant,
745 967 1106 1010 verisimillimum
1144 970 1210 1009 est
1247 966 1302 1007 ad
1331 966 1410 1007 hos
1447 965 1628 1027 clientes

152 1050 226 1078 eos
256 1048 425 1092 quoque
455 1039 714 1092 accessisse,
760 1039 834 1094 qui
869 1039 1046 1082 Romuli
1086 1040 1230 1080 aetate
1259 1037 1305 1079 111
1334 1037 1504 1093 asylum
1535 1051 1629 1080 con.

150 1107 364 1164 fugerant.
420 1110 513 1153 Hoc
542 1110 856 1165 antiquissimis
885 1109 1150 1167 temporibus
1177 1107 1350 1160 accidit,
1378 1108 1466 1160 ubi,
1497 1120 1627 1163 quum

150 1178 196 1221 in
223 1179 341 1235 ipsos
370 1181 482 1224 filios
511 1182 624 1237 patri
653 1182 720 1225 ius
749 1182 931 1225 necandi
961 1185 1101 1236 esset,
1132 1182 1177 1223 111
1207 1180 1402 1235 captivos
1432 1179 1628 1222 clientes-

152 1264 233 1305 que
273 1252 467 1306 gentium
504 1252 678 1295 illarum
708 1253 942 1295 dominium
971 1254 1147 1308 gravius
1177 1266 1270 1294 esse
1300 1254 1414 1293 certe
1444 1264 1529 1292 non
1559 1265 1628 1306 po-

151 1323 277 1363 terat.
324 1322 449 1377 Imo,
493 1324 702 1378 religione
742 1324 927 1378 quadam
957 1325 1137 1366 clientes
1167 1326 1210 1365 et
1239 1321 1410 1379 patroni
1439 1321 1624 1363 invicem

149 1391 214 1434 ita
242 1392 462 1436 coniuncti
491 1398 638 1448 erant,
668 1398 717 1436 ut
745 1396 791 1437 in
822 1395 1018 1437 omuibus
1047 1394 1199 1447 rebus,
1229 1392 1412 1450 privatis
1441 1391 1627 1448 publicis

150 1463 304 1518 sacris,
350 1479 443 1507 sese
473 1465 748 1519 adiuvarent,
788 1469 835 1508 ut
864 1465 1069 1509 clientela
1097 1463 1311 1507 affinitate
1340 1464 1531 1506 sanctior
1558 1463 1630 1505 ha-

152 1534 338 1577 beretur.
395 1536 491 1579 Hoc
521 1536 629 1580 Cato
657 1532 813 1594 Probat
842 1536 956 1593 apud
985 1535 1176 1579 Gellium
1219 1534 1283 1590 (in
1312 1535 1413 1577 Not.
1444 1535 1541 1577 Att.
1571 1532 1626 1586 V,

154 1610 219 1659 13,
248 1607 329 1661 4.):
370 1607 522 1660 „Quod
550 1610 733 1652 maiores
774 1608 968 1651 sanctius
996 1607 1183 1664 habuere
1224 1605 1397 1648 defendi
1424 1605 1625 1662 pupillos,

152 1690 280 1733 quam
310 1677 512 1722 clientem
540 1693 625 1722 non
652 1679 816 1722 fallere.
873 1678 1094 1722 Adversus
1125 1680 1332 1732 cognatos
1361 1692 1438 1733 pro
1468 1677 1624 1720 cliente

151 1751 361 1801 testatur;
390 1750 685 1792 testimonium
715 1751 922 1793 adversus
952 1750 1132 1792 clientes
1162 1763 1286 1792 nemo
1311 1748 1456 1791 dicit.“
1476 1749 1510 1800 ²)
1551 1748 1628 1789 Le-

150 1818 278 1875 gibus
307 1834 475 1876 quoque
505 1820 729 1864 duodecim
758 1821 1024 1874 tabularum,
1056 1834 1165 1877 quae
1196 1819 1251 1864 ad
1271 1818 1625 1877 compescendam

150 1889 356 1946 plebem
385 1892 539 1946 gravia
567 1893 776 1936 nonnulla
805 1893 1030 1935 edixerant
1060 1896 1105 1934 et
1135 1892 1421 1944 contulerant,
1451 1895 1624 1938 cautum

151 1965 268 2014 erat,
308 1977 362 2005 ne
391 1967 600 2019 patronus
628 1966 674 2007 in
705 1964 961 2009 clientem
990 1965 1103 2010 male
1133 1964 1401 2016 consuleret3
1445 1977 1625 2019 quarum

149 2034 294 2088 legum
329 2047 459 2077 unam
495 2035 674 2079 Servius
715 2035 789 2088 (ad
820 2035 941 2091 Virg.
970 2034 1081 2077 Aen.
1115 2035 1195 2088 VI,
1225 2039 1335 2084 608.)
1375 2034 1443 2076 1118
1480 2034 1626 2077 verbis

113 2095 117 2099 ⁸
149 2105 300 2147 refert:
352 2105 594 2159 „Patronus
635 2107 673 2148 si
715 2107 864 2148 clienti
907 2106 1100 2149 fraudem
1142 2106 1278 2170 taxit,
1323 2120 1461 2154 sacer,
1489 2106 1623 2148 esto.“

150 2176 302 2220 Servio
332 2176 567 2233 Dionysius
597 2178 833 2232 consentit,
865 2192 995 2234 quum
1025 2177 1143 2220 dicat
1172 2176 1247 2229 (11.
1280 2179 1388 2233 10.):
1417 2175 1472 2217 Εἰ
1499 2177 1548 2217 δέ
1564 2191 1626 2225 τις

148 2247 417 2304 ἐξελεγχθείη
445 2251 609 2290 τούτων
652 2264 693 2290 ἰι
731 2250 910 2304 (malum
948 2248 1193 2306 infligendi)
1236 2249 1624 2301 διαπραττόμενυς,

148 2319 292 2372 ἔνοχος
319 2312 374 2377 ἦν
402 2320 462 2371 τῷ
492 2322 609 2373 νόμῳ
638 2321 711 2377 τῆς
740 2320 999 2374 προδοσίας,
1029 2317 1080 2362 ὃν
1109 2320 1327 2372 ἐκύρωσεν
1355 2317 1380 2360 ὁ
1408 2317 1625 2371 Ῥώμυλος·

183 2517 211 2563 ¹)
235 2517 287 2554 cf.
311 2517 446 2561 Livius,
470 2517 536 2561 IX,
560 2519 666 2562 29:„
693 2545 701 2553 .
726 2545 734 2554 .
760 2545 767 2554 .
793 2547 802 2555 .
826 2519 944 2565 Appio
969 2520 1110 2553 auctore
1134 2517 1277 2560 Potitii,
1312 2527 1422 2562 gens,
1457 2517 1556 2553 cuius
1580 2515 1624 2550 ad
1667 2545 1671 2551 Ι

237 2589 332 2613 aram
365 2577 554 2614 Maximam
583 2579 747 2615 Herculis
770 2579 943 2616 familiare
967 2577 1200 2614 sacerdotium
1223 2577 1354 2620 fuerat,
1394 2587 1515 2613 servos
1539 2575 1624 2623 pub-

236 2638 343 2682 licos,
377 2638 565 2674 ministerii
595 2638 782 2686 delegandi
814 2649 938 2682 causa,
961 2638 1135 2674 sollennia
1165 2637 1239 2673 eius
1268 2637 1358 2672 sacri
1382 2636 1558 2675 docuerat.
1583 2655 1624 2665 -

236 2699 307 2737 Ofr.
329 2709 467 2746 quoque
490 2699 644 2735 eiusdem
667 2699 750 2736 libri
774 2710 804 2734 c
825 2698 881 2734 34.

180 2758 209 2801 ²)
233 2758 285 2796 cf.
310 2769 448 2806 quoque
470 2758 619 2806 Dionys.
643 2759 667 2795 1.
691 2759 715 2796 l.
738 2762 774 2796 et
796 2759 891 2797 Plut.
914 2759 1056 2797 Romul.
1078 2759 1133 2795 13.
1155 2780 1198 2788 -
