1793 2999
874 129 898 166 9

147 258 259 287 main
289 245 530 288 transducti
559 246 802 287 effecerunt.
860 246 1072 288 Primores
1096 245 1365 287 Albanorum
1393 246 1546 299 gentes
1576 246 1620 286 in

148 318 291 370 patres
320 315 459 359 lectae
490 319 591 358 sunt
620 317 690 368 (cf.
719 317 871 359 Livius
891 318 919 359 1.
941 317 1011 372 1.);
1042 317 1176 373 atqui,
1206 331 1335 373 quum
1364 320 1509 373 patres
1538 317 1621 359 soli

148 387 332 442 priscam
371 388 595 430 civitatem
625 388 864 431 Romanam
896 389 1128 441 efficerent,
1159 392 1203 431 et
1232 389 1447 444 expressis
1477 387 1620 430 verbis

147 460 352 515 primores
382 459 581 502 Albanae
622 462 774 515 gentes
804 461 847 501 in
884 464 1029 516 patres
1058 460 1198 502 lectae
1228 474 1253 501 a
1281 459 1460 515 reliquis
1489 458 1622 501 Alba-

146 532 213 574 nis
249 534 521 588 separentur,
558 531 635 574 hos
677 532 858 574 civitate
896 532 1078 575 donatos
1126 546 1219 575 esse
1257 534 1406 573 contra
1445 530 1618 572 Livium

146 604 192 658 (l.
222 604 267 654 l.)
298 603 470 646 omnino
510 606 577 646 est
614 603 868 659 negandum.
929 604 1122 660 Itemque
1154 603 1390 658 Dionysius
1429 602 1619 644 Halicar-

145 689 324 718 nasseus
355 678 492 727 errat,
525 690 653 730 quum
679 674 800 717 'dica-t
828 676 925 729 (III,
957 676 1049 730 37):
1082 674 1347 729 ’·,;ῙΙαι·δημεὶ
1385 677 1620 730 κατήγαγεν

144 746 201 795 εἰς
230 746 400 800 Ῥώμην
428 747 499 787 καὶ
528 752 778 799 κατένειμεν
801 746 858 796 εἷς
887 746 1064 801 φυλάς.“
1114 746 1245 789 Falso
1269 749 1383 787 certe
1403 746 1470 787 illi
1491 746 1617 800 scrip-

144 822 258 860 tores
294 817 562 860 arbitrantur
601 821 688 860 tam
726 819 945 874 ingentem
971 820 1000 868 l)
1038 818 1330 870 Albanorum,
1366 816 1619 859 Politorien-

144 889 278 942 sium,
321 890 502 932 aliorum
531 890 783 945 populorum
814 904 1035 932 numerum
1065 904 1117 931 ex
1147 890 1264 944 agris
1295 887 1383 929 suis
1414 887 1545 942 arripi
1575 890 1618 928 ct

143 962 323 1005 Romam
354 960 505 1003 deduci
546 961 758 1017 potuisse,
798 961 871 1004 ubi
912 964 1080 1003 tantam
1109 958 1429 1003 multitudinem
1467 958 1539 1003 vel
1569 973 1617 1000 co

143 1034 237 1075 loco
279 1033 532 1075 collocatam
570 1048 662 1075 esse
700 1034 868 1087 volunt,
919 1034 1010 1089 qui,
1050 1047 1178 1088 quum
1219 1030 1450 1088 paludibus
1488 1033 1618 1073 antea

145 1106 321 1148 obrutus
363 1107 507 1157 esset,
549 1109 640 1147 tum
681 1109 832 1161 postea
882 1105 1020 1148 forum
1060 1105 1300 1147 Romanum
1355 1102 1617 1145 continebat.

143 1177 256 1228 Imo,
296 1176 363 1217 illi
399 1177 592 1218 homines
632 1177 880 1232 plerumque
910 1178 954 1218 in
991 1177 1080 1218 suis
1110 1176 1299 1233 oppidis,
1330 1175 1461 1227 villis,
1491 1175 1616 1230 pagis

142 1247 283 1288 relicti
313 1250 427 1300 sunt,
458 1247 569 1302 quod
590 1247 765 1290 Servius
796 1262 962 1303 quoque
992 1247 1075 1299 (ad.
1092 1248 1247 1301 virgil.
1267 1247 1376 1288 Aen.
1405 1246 1440 1287 Ι.
1473 1248 1527 1305 J.)
1557 1246 1616 1286 in-

142 1319 279 1361 dicat:
317 1313 466 1371 „Hanc
507 1322 651 1361 autem
683 1319 879 1373 (Albam)
916 1334 1044 1375 quum
1074 1318 1302 1361 evertisset
1331 1316 1482 1358 Tullus
1512 1316 1617 1358 Hos-

141 1389 284 1443 tilius,
321 1404 466 1432 omnes
497 1390 663 1433 nobiles
692 1391 879 1433 familias
909 1389 1042 1447 (apud
1071 1390 1244 1432 Livium
1273 1387 1507 1445 principes)
1537 1388 1618 1430 Ro-

144 1476 256 1504 mam
287 1462 557 1515 transtulit“;
597 1463 811 1517 ignobiles
849 1463 1004 1518 igitur,
1044 1476 1222 1518 quarum
1251 1474 1452 1502 numerus
1482 1459 1617 1502 maior

145 1536 250 1587 erat,
280 1535 325 1576 in
354 1535 470 1590 agris
500 1539 799 1578 remanserunt
823 1538 870 1590 ²),
899 1534 1045 1590 ibique
1075 1533 1365 1589 agriculturae
1388 1531 1614 1588 praecipue

143 1610 408 1649 vacaverunt
426 1606 479 1661 3);
517 1607 562 1649 id
602 1607 713 1663 quod
753 1607 799 1649 in
837 1606 996 1649 iudicio
1034 1606 1086 1648 de
1115 1605 1378 1663 plebeiorum
1407 1604 1614 1659 religione

141 1678 314 1720 ferendo
344 1680 491 1732 magni
520 1666 727 1720 momenti
756 1681 849 1721 erit.

176 1846 202 1891 ¹)
228 1846 299 1883 cfr.
321 1847 426 1882 Dion.
451 1848 532 1883 Hal.
556 1848 621 1892 IX,
645 1848 699 1884 25.
723 1868 766 1874 -—
817 1882 822 1890 ,

170 1906 198 1951 ²)
223 1908 300 1942 Hoc
323 1908 545 1954 Schweglero
569 1921 705 1955 quoque
728 1911 872 1956 placuit,
898 1911 956 1956 qui
981 1911 1004 1948 1,
1027 1911 1051 1946 l.
1075 1910 1103 1952 1,
1130 1910 1182 1953 13,
1204 1911 1237 1944 5.
1261 1909 1348 1944 haec
1361 1908 1483 1945 habet:
1513 1909 1611 1951 „Aus

228 1967 346 2002 diesen
370 1968 536 2004 Griiuden
569 1969 671 2016 (quas
694 1970 847 2005 rationes
882 1973 985 2005 antea
1008 1970 1141 2015 attulit)
1176 1970 1223 2005 ist
1245 1981 1281 2005 es
1305 1969 1613 2010 wahrscheinlich,

228 2028 309 2063 dass
332 2028 393 2064 der
415 2022 566 2065 weitaus'
597 2033 733 2076 grosste
757 2030 859 2065 Theil
891 2031 952 2065 dei·
975 2030 1079 2065 Plebs
1115 2031 1177 2065 auf
1197 2031 1317 2065 seinen
1341 2028 1613 2064 Gruudstiicken

227 2089 380 2125 sesshaft
400 2089 585 2136 geblieben
609 2091 667 2126 ist.
690 2111 732 2116 —

158 2149 198 2192 ¹³)
226 2150 386 2186 Dilucide
421 2150 463 2185 de
498 2151 564 2186 hac
596 2163 633 2186 re
657 2151 748 2187 idem
771 2153 1016 2199 Schweglerus
1048 2151 1087 2196 (1.
1111 2153 1135 2188 l.
1158 2152 1188 2195 I,
1221 2152 1274 2196 14,
1298 2151 1345 2197 9.)
1369 2151 1446 2198 agit
1468 2162 1612 2197 eamque

225 2210 283 2246 his
314 2211 535 2258 antiquorum
570 2213 777 2259 scriptorum
813 2213 930 2249 verbis
970 2212 1191 2260 comprobat:
1224 2213 1366 2249 Servius
1390 2212 1550 2254 Tullius,
1575 2216 1613 2247 ut

227 2273 341 2319 plebis
379 2274 510 2309 auxilio
544 2286 688 2321 regnum
729 2275 796 2310 sibi
832 2275 1018 2318 conciliet,
1056 2275 1229 2321 agricolas
1260 2274 1296 2309 in
1332 2273 1451 2309 urbem
1486 2285 1611 2307 convo-

226 2336 283 2369 cat
313 2334 499 2369 secundum
525 2335 672 2382 Dionys,
695 2335 759 2370 IV.
791 2336 849 2370 12:
882 2362 890 2370 .
915 2361 923 2370 .
948 2363 957 2371 .
981 2338 999 2369 ὁ
1029 2339 1162 2373 Τύλλιος
1188 2362 1197 2371 .
1222 2362 1231 2371 .
1255 2361 1263 2369 .
1301 2340 1464 2379 προεῖπεν
1489 2336 1612 2378 ἡμέραν

229 2397 453 2440 ἀρχαιρεσιῶν,
490 2400 536 2434 εἰς
559 2399 600 2438 ἣν
625 2399 774 2430 ἐκέλευσε
801 2400 852 2430 καὶ
879 2400 957 2435 τοί-ς
982 2401 1017 2431 ἐκ
1042 2403 1109 2432 τῶν
1131 2399 1238 2442 ἆγρῶυ
1262 2398 1408 2435 ἅπαντας
1434 2399 1613 2440 ῐιαρεῐναι.“

224 2455 436 2503 Tarquinius
471 2468 553 2492 vero
577 2458 775 2504 Superbus,
810 2461 850 2493 ut
879 2459 954 2504 ipse
977 2470 1037 2494 rex
1057 2462 1251 2502 crearetur,
1283 2457 1372 2493 illud
1394 2461 1531 2504 tempus
1556 2468 1612 2491 ex-

224 2519 416 2562 spectavit,
441 2517 501 2552 ubi
524 2516 630 2564 plebs'
646 2518 818 2553 metendis
840 2518 999 2565 frugibus
1022 2519 1142 2555 dedita
1164 2519 1236 2554 ruri
1260 2519 1386 2554 diffusa
1408 2523 1494 2563 erat,
1518 2517 1611 2565 quod

224 2577 331 2614 tradit
361 2578 453 2614 idem
478 2581 598 2614 auctor
620 2579 643 2614 l.
667 2580 690 2614 1.
715 2579 779 2624 iv,
802 2580 857 2619 38,
903 2579 1064 2624 Accedit,
1102 2580 1193 2627 quod
1232 2591 1272 2616 ea
1301 2580 1451 2616 concilia
1485 2581 1611 2628 plebis,
1668 2576 1675 2581 ’

224 2650 313 2685 quae
351 2640 493 2675 comitia
515 2639 647 2675 tributa
673 2644 855 2684 vocantur,
889 2641 1054 2676 nundinis
1078 2641 1314 2685 habebantur,
1340 2642 1465 2687 quibus
1489 2635 1612 2678 diebus

225 2700 401 2747 agricolae
431 2700 469 2735 in
501 2700 619 2737 urbem
656 2701 774 2744 venire
809 2704 1080 2746 consueverant,
1111 2705 1151 2738 ut
1183 2702 1293 2738 tradit
1315 2702 1514 2740 Macrobius
1550 2704 1610 2740 Sa-

223 2761 351 2796 turnal.
381 2761 410 2804 I,
436 2761 489 2805 16,
519 2761 583 2796 34:
619 2762 798 2806 „Rutilius
833 2763 957 2799 scribit
983 2763 1161 2798 Romanos
1193 2764 1387 2800 instituisse
1422 2764 1609 2811 nundina,
