1793 2999
851 742 971 817 III.

214 899 483 967 Quaeritur,
531 899 613 965 qui
647 898 830 952 fuerint
865 899 1160 965 plebeiorum
1194 903 1308 953 ante
1343 897 1608 954 dominium

390 991 392 993 ’
702 998 1025 1077 Romanorum
1058 997 1140 1050 dii.

279 1257 327 1301 Si
357 1256 409 1300 de
440 1258 649 1313 religione
679 1257 827 1313 aliqua
856 1258 1021 1313 agitur,
1064 1254 1420 1310 considerandum
1451 1263 1537 1311 est,
1578 1260 1649 1315 qui

168 1330 257 1370 sint
285 1330 412 1372 huius
442 1330 666 1384 religionis
696 1329 757 1369 dii
786 1328 1224 1384 θοῐιιιηᾳιιεῃειῒιιῐᾶς
1267 1342 1351 1383 qua
1380 1330 1563 1370 ratione
1578 1344 1651 1372 nu-

168 1400 287 1442 mina·
316 1400 536 1454 colantur3
572 1415 673 1442 num
713 1401 945 1455 unicnique
983 1413 1105 1442 sacra
1140 1402 1319 1486 pateant
1360 1399 1428 1440 vel
1464 1400 1649 1454 singulis

168 1485 268 1512 num
299 1470 554 1512 sacerdotiis
583 1469 747 1511 tradita
776 1470 876 1511 sint.
1330 1483 1334 1487 ·

279 1540 401 1591 Quae
440 1541 544 1583 licet
585 1541 629 1582 in
677 1541 792 1583 omni
835 1541 1043 1596 religione
1082 1540 1318 1597 spectanda
1356 1542 1648 1595 sinnramen

168 1613 340 1655 veniam
371 1612 582 1669 petimus,
624 1611 662 1654 si
702 1612 746 1652 in
776 1613 927 1653 nostra
956 1613 1217 1654 tractatione
1247 1613 1326 1655 hoo
1356 1613 1650 1669 investigandi

169 1684 319 1726 officio·
346 1698 432 1726 non
472 1685 518 1725 in
549 1698 695 1725 omnes
725 1685 872 1738 partes
910 1683 1049 1725 functi
1080 1697 1238 1724 sumus.
1297 1684 1407 1725 Nam
1439 1698 1567 1739 quum
1598 1687 1649 1727 de

167 1754 431 1811 plebeiorum
469 1753 680 1809 religione
723 1767 776 1795 ex
816 1754 870 1796 iis
906 1753 1173 1810 temporibus
1203 1767 1340 1809 pauca
1369 1757 1540 1798 tantum
1569 1759 1652 1798 tra-

168 1827 261 1868 dita
296 1828 407 1878 sint,
447 1825 522 1867 ubi
558 1825 626 1866 illi
664 1825 750 1866 iam
789 1825 974 1866 Romani
1006 1828 1150 1877 erant,
1191 1828 1283 1866 tum
1325 1824 1387 1866 de·
1406 1827 1648 1881 antiquiore

166 1901 379 1953 tempore,
410 1896 484 1937 ubi
515 1895 605 1938 suis
635 1894 772 1937 adhue
801 1895 973 1951 legibus
993 1899 1036 1937 et
1053 1895 1270 1938 institutis
1284 1895 1647 1949 florebanu‘nihil

165 1970 253 2010 fere
284 1971 425 2023 patet,
469 1970 535 2019 et,
581 1981 690 2021 quae
731 1968 775 2007 in
813 1967 1001 2008 medium
1031 1967 1309 2021 proferimus,
1352 1981 1405 2008 ex
1434 1968 1649 2010 institutis

166 2039 452 2095 posteriorum
482 2041 720 2093 temporum
752 2040 796 2078 ct
826 2051 879 2079 ex
908 2037 1192 2084 relationibus
1221 2038 1532 2092 Romanorum,
1563 2054 1647 2080 non

165 2102 435 2166 propriorum
469 2109 561 2150 illis
591 2109 849 2163 scriptorum
887 2108 1074 2151 eruenda
1106 2111 1224 2150 sunt:
1266 2110 1317 2150 de
1348 2110 1481 2150 sacrifi
1512 2109 1648 2164 deque

164 2181 331 2236 reliquo
362 2180 481 2222 cultu
512 2180 621 2221 nihil
651 2183 914 2234 compertum
946 2180 1166 2221 habemus.

278 2245 407 2292 Omni
459 2249 595 2304 igitur
636 2248 927 2304 cuiuscunque
968 2249 1148 2305 originis
1197 2250 1364 2293 nationi
1404 2250 1538 2292 insita
1578 2251 1646 2292 vel

165 2321 331 2364 tradita
372 2321 443 2363 vel
487 2335 657 2375 quoquo
697 2321 822 2362 modo
860 2324 1110 2378 comparata
1148 2325 1214 2364 est
1244 2322 1429 2364 alieuius
1459 2322 1647 2364 numinis

165 2394 297 2436 notio.
355 2391 472 2435 Illud
501 2405 659 2434 numen
689 2391 780 2434 sive
811 2406 864 2434 ex
894 2392 1143 2436 Christiana
1172 2392 1340 2435 ratione
1361 2406 1492 2434 unum
1513 2391 1646 2434 fuisse

164 2465 345 2520 accipis,
389 2463 503 2519 quod
538 2477 659 2506 suam
703 2468 900 2506 naturam
939 2465 1132 2506 homines
1175 2464 1411 2516 edocuerit,
1459 2464 1550 2506 sive
1593 2479 1645 2505 ex

163 2550 303 2578 rerum
341 2536 544 2577 universo
580 2535 634 2577 ab
677 2533 922 2577 hominibus
962 2536 1067 2591 ipsis
1098 2535 1323 2577 inventum
1353 2537 1396 2576 et
1426 2535 1644 2589 cognitum

163 2622 271 2660 esse,
301 2606 411 2649 nihil
441 2606 496 2648 ad
525 2610 719 2649 nostram
748 2620 837 2648 rem
869 2607 1049 2649 confert:
1080 2621 1132 2648 ex
1162 2607 1374 2648 alterutra
1396 2605 1577 2657 ratione,
1609 2606 1646 2646 si

163 2678 382 2720 hominum
406 2680 577 2720 tantum
598 2677 786 2720 indolem
810 2677 1143 2731 consideramus,
1174 2677 1453 2734 complurium
1470 2675 1643 2719 deorum

162 2750 315 2802 religio
358 2748 528 2803 prodire
565 2749 719 2804 potuit.
791 2750 901 2791 Nam
944 2765 1073 2804 quum
1114 2763 1304 2791 summus
1343 2749 1502 2802 aliquis
1540 2748 1643 2789 dens
