1793 2999
871 141 926 181 34

153 257 209 301 ad
238 259 456 315 publicam
484 258 740 313 religionem
769 259 921 304 statim
949 260 1153 303 accedere
1179 259 1424 316 potuerunt,
1452 260 1502 300 et·
1525 256 1639 314 quod

154 345 250 375 eam
262 329 539 387 ignorabant,
569 333 615 374 et
642 329 756 387 quod
778 329 843 374 ab
864 330 934 386 iis,
962 345 1074 388 quae
1089 330 1411 384 adamaverunt,
1439 328 1508 373 ad'
1525 343 1639 378 nova

153 402 299 444 subito
327 403 513 445 transire
548 402 744 446 homines
783 389 868 445 non
907 407 1110 459 possunt,
1152 407 1198 446 et
1226 402 1338 458 quod
1377 416 1405 444 a
1432 402 1638 456 gentibus

153 474 452 530 patriciorum,
492 482 672 530 quorum
701 473 931 530 praecipue
966 473 1012 518 in
1041 474 1242 518 manibus
1270 473 1466 531 publicus
1495 472 1645 519 cultus.

153 547 265 598 erat,
309 545 538 601 quominus
572 544 616 587 id
646 545 860 598 facerent,
889 545 1242 601 prohibebantur.
1298 546 1452 601 Itaque
1467 578 1477 598 ‚
1507 558 1637 600 quum

152 617 246 659 sine
284 617 496 673 religione
542 616 716 661 omnino
756 617 904 660 vivere
953 631 1039 660 non
1079 620 1280 674 possent,
1319 630 1441 667 suam
1488 615 1637 673 pri-mis

151 688 420 744 temporibus
448 689 687 731 retinerent
714 701 892 730 necesse
921 690 1035 740 erat;
1071 701 1210 743 neque
1238 688 1294 731 ab
1324 689 1404 731 hac
1432 701 1476 729 re
1506 690 1584 730 aut
1611 701 1639 729 a

153 759 329 815 regibus
357 762 435 803 aut
463 774 490 803 a
517 759 716 816 patriciis
751 758 1088 817 retinebantur.
1123 757 1293 802 Scimus
1323 759 1435 802 enim
1464 757 1640 814 Tarqui·

154 831 272 873 nium
311 830 507 875 Priscum
546 831 680 874 talem
721 831 862 888 plebis
897 831 1110 889 fautorem
1152 830 1311 885 fuisse,
1339 834 1390 874 ut
1429 831 1475 874 in
1505 845 1638 875 novas

140 905 244 960 ¹‘tres
272 903 421 953 trihus
434 917 538 952 eam
552 900 846 951 dinumera
854 900 1025 956 nullm?
1042 916 1141 962 qna,
1158 915 1220 949 rs
1227 864 1408 962 μιὴοὶί
1420 896 1554 948 ιιοιιιι.Ι
1551 894 1641 960 κριὲ

154 974 257 1016 blici
288 974 448 1019 cultus
461 974 705 1033 participes
722 964 1035 1029 οκὸειιιυριιι,
1041 973 1214 1030 nedum
1221 987 1300 1021 suo
1319 974 1447 1028 cultu
1476 973 1531 1016 ab
1560 972 1639 1016 illo
1712 997 1715 1001 ,

152 1059 254 1100 rege
301 1045 587 1101 privarentur.
653 1045 804 1101 Neque
849 1045 992 1088 minus
1031 1045 1165 1087 ceteri
1209 1059 1336 1100 reges
1375 1044 1637 1101 plebeiorum

153 1115 339 1159 studiosi
367 1116 502 1160 fuisse
537 1115 762 1170 videntur,
805 1131 983 1173 quorum
1013 1116 1176 1160 auxilio
1206 1116 1305 1159 freti
1335 1116 1637 1160 auctoritatem

67 1203 74 1208 ·
153 1191 198 1230 et
232 1190 496 1244 potestatem
534 1187 746 1242 haberent
784 1188 993 1232 adversus
1022 1191 1284 1232 crescentem
1314 1188 1359 1231 in
1389 1187 1480 1239 dies
1502 1187 1641 1244 ‚patri-

153 1259 316 1302 ciorum
345 1259 593 1316 superbiam
615 1262 660 1302 et
678 1260 934 1317 potentiam.
981 1258 1200 1303 Patricius
1229 1273 1332 1304 vero
1352 1259 1424 1303 vel
1451 1259 1507 1303 iis
1534 1262 1638 1302 tem-

155 1331 344 1386 poribus,
373 1330 449 1374 ubi
477 1331 653 1387 regibus
683 1331 877 1389 expulsis
904 1331 989 1388 ipsi
1010 1345 1101 1375 rem
1117 1331 1346 1388 publicam
1369 1331 1638 1381 administra-

153 1402 262 1445 bant
299 1406 344 1445 et
382 1403 591 1446 immensa
626 1403 740 1446 aeris
776 1402 909 1445 aheni
937 1403 1062 1459 copia
1092 1400 1263 1459 piebem
1292 1401 1523 1455 vexabant,
1552 1400 1639 1457 ple-

152 1474 278 1517 beiae
306 1474 509 1531 religioni
537 1475 779 1531 pepercisse
807 1474 1003 1517 breviter
1028 1473 1316 1518 ostendemus.
1371 1485 1376 1494 ¹

267 1546 319 1588 In
355 1546 533 1603 publica
571 1546 783 1602 religione
823 1560 954 1602 quum
989 1546 1163 1589 deorum
1199 1546 1343 1589 cultus
1379 1544 1510 1588 certis
1538 1556 1638 1601 pau·

153 1618 301 1674 cisque
329 1616 603 1662 sacerdotum
621 1616 845 1673 collegiis
860 1617 1044 1661 confisus
1072 1621 1202 1671 esset,
1230 1628 1432 1660 numerus
1462 1607 1636 1660 deorum

152 1689 329 1732 minime
358 1692 476 1732 certe
495 1688 707 1732 definitus
722 1691 767 1730 et
791 1688 1140 1746 circumscriptus
1159 1692 1265 1732 erat.
1296 1687 1494 1732 'Illorum
1522 1687 1635 1731 enim

153 1761 353 1815 singulae
389 1762 504 1804 vires
540 1764 588 1803 et'
623 1761 817 1804 actiones
854 1760 975 1817 ipsae
1016 1760 1164 1803 divino
1205 1761 1377 1803 nomine
1417 1760 1636 1815 formaque

153 1831 275 1875 indui
304 1832 527 1885 solebant,
567 1831 681 1875 unde
710 1832 846 1877 mirus
883 1832 959 1875 ille
987 1835 1198 1875 certorum
1229 1832 1403 1877 deorum
1434 1843 1635 1874 numerus

151 1903 325 1961 prodiit.
382 1903 506 1953 Illud,
535 1903 825 1947 Romanorum
854 1903 1044 1947 studium
1083 1904 1154 1947 vel
1185 1903 1496 1961 posterioribus
1534 1905 1638 1955 tem·

151 1976 327 2032 poribus
355 1991 441 2019 non
472 1976 669 2030 evanuit,
708 1986 838 2032 quum
867 1979 1042 2020 auctore
1071 1976 1199 2020 Livio
1228 1975 1298 2030 (V,
1329 1972 1425 2031 50.)
1443 1975 1528 2019 Aio
1557 1975 1637 2025 Lo—

153 2048 270 2091 cutio
300 2061 468 2092 sacrum
498 2046 741 2092 dedicatum
772 2047 832 2090 sit
854 2062 894 2090 a.
916 2062 955 2090 ιι.
982 2051 1076 2092 367.
1132 2045 1356 2092 Eiusmodi
1385 2046 1636 2104 posterioris

153 2120 251 2162 aevi
281 2120 458 2162 numina
487 2123 589 2162 sunt
618 2119 816 2162 'l'utanus
854 2120 926 2172 (cf.
956 2116 1096 2163 Varro
1125 2135 1193 2177 ap
1222 2117 1410 2162 Nonium
1441 2119 1554 2169 339.)
1590 2121 1636 2160 et

151 2190 388 2233 Rediculus
417 2189 558 2246 (Paul
588 2205 622 2233 s.
651 2190 693 2233 h.
723 2192 782 2246 v.)
819 2193 864 2233 et
891 2190 1164 2234 Aesculanus
1193 2193 1324 2247 atque
1353 2189 1635 2271 Argentinus‚

154 2263 232 2318 qur
270 2261 332 2304 dii
373 2260 609 2305 introducti
645 2260 888 2315 sunt‚t'1bi
923 2257 1071 2305 aeneis
1112 2265 1156 2305 et
1194 2254 1416 2337 argenteis
1450 2246 1639 2323 ιιιιιιιιιιίε·

153 2332 340 2377 Romani
368 2332 553 2390 primum
582 2333 650 2376 usi
678 2337 793 2377 sunt
852 2332 968 2384 Quin
998 2347 1048 2377 eo
1076 2324 1384 2394 pervenerunt,
1412 2328 1475 2394 ιιι,
1505 2345 1634 2389 quum

151 2406 380 2457 timerent,
411 2419 471 2447 ne
501 2405 673 2460 ignotos
712 2405 815 2449 deos
852 2405 1122 2462 negligentia
1158 2403 1410 2448 omitterent
1437 2408 1490 2448 et
1503 2404 1636 2448 o-ffen

151 2477 326 2531 derent,
368 2477 448 2521 hos
479 2490 646 2533 quoque
676 2476 889 2531 colerent,
929 2480 1188 2535 quapropter
1216 2476 1325 2521 Cato
1354 2476 1426 2531 (de
1454 2491 1500 2520 re
1528 2481 1634 2519 rust.

155 2549 267 2604 139.)
292 2550 414 2593 hae-c
422 2548 573 2592 habet:
604 2548 800 2602 „Lucum
817 2550 1046 2593 conlucare
1059 2546 1176 2593 mo're
1189 2549 1252 2592 sic
1276 2551 1461 2620 oportet.
1491 2547 1635 2592 Porro

153 2619 326 2681 piaculo
354 2607 523 2663 facito:
548 2617 622 2674 Sic
650 2620 784 2664 verba
812 2619 1061 2702 concip'it'o:
1083 2619 1153 2664 Si
1178 2610 1334 2691 deus
1333 2615 1380 2687 si
1411 2619 1529 2663 dea.
1536 2624 1634 2673 est,

154 2688 329 2761 quoium
358 2691 469 2737 illu‘d
499 2692 677 2757 sacrum
699 2691 779 2747 est,
809 2694 874 2738 uti
892 2689 986 2737 tibi
1015 2690 1082 2749 ius
1094 2682 1215 2752 siet
1223 2676 1365 2760 porco
1377 2692 1554 2760 placule
1578 2693 1636 2736 fa-

152 2774 261 2804 cere.
267 2763 287 2783 “
342 2754 467 2807 Unde
483 2742 608 2821 patet
633 2751 863 2815 Romanos
893 2779 990 2808 cum
1013 2754 1330 2821 religiosissimi
1348 2768 1525 2811 ment
1534 2779 1637 2821 erga
