1793 2999
896 157 921 194 6

162 276 512 332 antiquissimam
540 275 603 318 rei
633 274 831 332 publicae
846 275 1069 319 Romanae
1091 278 1259 332 partem
1289 289 1383 319 esse
1413 275 1648 328 confirmet,

163 349 389 405 ipsumque
417 337 661 401 Romulum,
691 350 741 389 ut
770 346 970 391 Servium
999 349 1045 391 et
1072 347 1353 404 Tarquinios,
1392 361 1536 403 regem
1563 348 1649 405 ple-

163 418 320 467 beium.
378 416 551 462 Celeres
588 433 757 475 quoque
795 419 869 475 qui
910 422 1145 473 vocantur,
1174 417 1388 476 plebeium
1418 418 1648 475 collegium

162 490 297 534 fuisse
325 490 390 533 ait
418 493 637 547 negatque
667 491 819 534 civiles
848 491 1038 547 priorum
1057 491 1326 535 saeculorum
1350 480 1649 535 contentiones

161 561 282 605 aliud
313 560 547 618 quidquam
575 562 721 615 fuisse,
752 557 839 604 nisi
860 564 1079 606 certamen
1108 562 1223 606 inter
1238 562 1387 606 ambas
1415 560 1648 617 religiones

163 634 305 677 ortum
335 635 381 675 et
409 635 664 689 pugnatum.
722 633 812 676 Nos
841 634 974 676 aliam
1004 634 1119 676 viam
1149 633 1459 689 ingrediemur,
1489 636 1534 676 et
1562 648 1647 678 nou

163 718 186 746 e
215 703 450 760 religione,
491 704 613 747 cuius
655 704 733 746 ille
761 706 960 747 naturam
989 704 1131 747 minus
1159 707 1277 749 recte
1304 703 1542 759 intelligit,
1572 703 1649 746 ori-

162 775 308 831 ginem
337 775 477 832 plebis
508 775 835 832 explicabimus,
865 775 940 818 sed
972 775 1025 819 de
1055 775 1234 831 origine,
1265 790 1392 832 quam
1423 776 1531 819 satis
1559 788 1647 831 per-

161 850 355 904 spectam
382 846 617 900 habemus,
658 847 714 890 ad
743 847 929 903 priscam
958 847 1213 903 religionem
1243 838 1561 892 conclusionem
1588 846 1649 891 fa·

161 918 337 972 ciemus,
366 931 497 974 quum
527 931 722 974 quaeque
742 918 877 971 natio,
908 922 1036 975 prout
1060 919 1206 961 indole
1227 917 1502 974 moribusque
1530 931 1647 974 prae-

162 989 257 1034 dita
285 993 366 1043 est,
396 1003 476 1033 sua
505 989 591 1032 sibi
620 991 799 1034 numina
828 990 1023 1042 finxerit,
1052 993 1142 1043 aut,
1172 990 1209 1034 si
1239 1005 1292 1032 ex
1320 990 1463 1046 prisca
1492 990 1645 1035 summi

161 1060 352 1105 numinis
380 1061 650 1105 revelatione
689 1076 798 1118 quae
828 1065 1008 1105 vocatur
1037 1065 1276 1118 temporum
1313 1060 1493 1104 decursu
1520 1074 1648 1117 paga·

161 1133 315 1177 nitatis
344 1133 542 1189 quodque
571 1148 719 1188 genus¹
738 1136 878 1177 ortum
908 1147 1003 1175 esse
1034 1147 1197 1185 censes,
1226 1132 1546 1188 hanc‘primam
1574 1146 1647 1175 uu-

162 1204 291 1248 minis
330 1203 622 1259 cognitionem
662 1204 1005 1246 commutaverit.
1076 1203 1201 1248 Unde
1238 1203 1421 1246 efficitur
1469 1216 1644 1246 necesse

162 1268 257 1318 ess'e
286 1274 339 1317 de
369 1274 536 1332 origine
576 1273 718 1330 plebis
748 1277 814 1327 et,
845 1288 954 1329 quae
983 1289 1080 1317 cum
1109 1275 1191 1317 hac
1219 1274 1464 1325 cohaereat,
1499 1273 1552 1316 de
1594 1287 1644 1316 ea

161 1346 331 1389 ratione
360 1358 498 1402 pauca
526 1345 736 1403 praefari,
779 1359 888 1401 quae
924 1345 970 1387 in
1011 1344 1139 1389 rebus
1168 1344 1303 1388 sacris
1332 1344 1446 1388 inter
1474 1343 1643 1401 plebem

161 1422 207 1459 et
235 1431 384 1460 servos
413 1416 679 1473 clientesque
709 1415 1014 1461 intercesserit.
