1793 2999
856 151 906 187 12

147 267 219 308 ιόν
260 267 303 307 δὲ
345 265 510 308 ἁλόντα
548 266 608 318 τῷ
646 265 894 319 βουλομένῳ
934 270 1112 308 κτείνειν
1148 265 1273 309 ὅσιον
1313 260 1377 322 ἦν,
1417 265 1471 314 ὠς
1506 265 1629 318 θῦμα

145 337 221 378 ιοῦ
251 328 547 389 καταχθοὶίὀυ
577 339 689 386 Διός.
748 337 887 387 Quam
927 342 1021 380 arte
1055 340 1192 394 igitur
1220 339 1428 394 religione
1458 340 1629 394 patroni

145 409 352 464 (patricii)
383 411 428 450 et
459 409 641 466 clientes
672 410 786 451 inter
815 423 860 451 se
892 410 1112 452 coniuncti
1141 410 1323 462 fuerint,
1354 410 1421 451 his
1451 409 1630 464 scripto·

145 494 237 521 rum
267 479 411 521 verbis
442 480 605 531 elucet3
637 494 722 534 qua
751 479 803 522 de
834 494 983 532 causa,
1013 480 1058 521 id
1090 481 1203 535 quod
1233 481 1289 522 ad
1318 484 1522 523 nostram*
1540 494 1628 521 rem

144 553 335 606 spectat,
374 550 616 592 mirandum
646 567 730 594 non
762 554 849 603 cst,
887 551 1000 606 quod
1032 552 1214 593 clientes
1246 566 1463 594 sacrorum
1493 551 1630 606 genti-

142 621 340 664 liciorum
371 621 606 678 participes
637 627 779 674 erant,
819 625 863 663 et
892 622 972 664 hoc
1003 623 1175 678 quidem
1204 622 1362 678 probat
1391 623 1628 677 Dionysius

144 693 191 745 (l.
222 693 291 747 l.):
332 691 467 746 (Τοιῗς
506 692 551 734 δὲ
593 692 786 742 πελάτας
827 693 1045 748 (clientes)
1075 692 1177 747 ἔδει)
1219 693 1266 734 ἕν
1300 708 1348 734 τε
1378 692 1529 747 α’ρχαῖς
1559 693 1629 734 καὶ

141 767 410 818 γερηφορίαις
442 794 701 804 .......
731 765 817 804 τῶν
846 763 1145 816 ἀναλωμάτων
1165 764 1220 813 οἷς
1242 763 1344 812 τούς
1368 769 1476 816 γένει
1492 768 1628 817 προσ-

144 837 324 888 ήκοντας
352 835 584 885 ιιι.ετε’χ.ιειιι.“
644 836 738 877 Hoc
776 835 1010 877 clientibus
1047 836 1186 890 prisco
1217 835 1292 876 illo
1328 837 1521 890 tempore
1561 834 1630 876 da·

141 907 235 946 tum
267 907 346 956 est,
378 918 513 959 eoque
541 904 716 948 facilius
746 906 942 962 permitti
971 909 1165 961 poterat,
1207 919 1337 960 quum
1357 910 1461 948 tunc
1482 919 1629 948 unum-

144 975 342 1031 quodque
379 976 581 1030 religioni
621 976 852 1018 obnoxium
883 981 1015 1028 esset,
1060 980 1108 1018 ut
1145 978 1310 1030 tutela,
1346 977 1398 1018 de
1430 991 1514 1032 qua
1543 977 1630 1032 agi-

142 1061 255 1099 mus,
290 1059 504 1101 quumque
535 1046 589 1089 ad
619 1047 846 1102 gentilicia
875 1051 1046 1090 tantum
1078 1062 1201 1090 sacra
1220 1048 1339 1090 adire
1357 1048 1446 1090 illis
1464 1048 1628 1090 liceret.

143 1118 311 1160 Deinde
340 1132 456 1170 vero,
488 1132 617 1173 quum
647 1119 789 1161 Numa
819 1120 1122 1161 coniunctione
1144 1120 1376 1162 Ramnium
1396 1123 1440 1161 et
1464 1119 1627 1161 Titium

143 1193 186 1231 et
216 1189 522 1231 commixtione
552 1189 807 1231 Latinorum
839 1190 1183 1246 Sabinorumque
1213 1191 1435 1233 numinum
1467 1194 1628 1233 certam

141 1265 185 1302 et
226 1260 471 1303 absolutam
513 1261 736 1316 religionis
777 1263 957 1304 formam
996 1266 1039 1303 et
1075 1262 1496 1304 administrationem
1534 1278 1628 1305 con-

141 1333 380 1383 stituisset,
411 1346 463 1373 ne
493 1333 681 1374 Luceres
712 1332 884 1387 quidem
914 1333 959 1373 in
990 1333 1268 1388 patriciorum
1290 1334 1467 1385 cultum,
1500 1348 1627 1388 quan-

140 1407 234 1446 tum
264 1405 442 1455 scimus,
488 1418 601 1446 nova
631 1417 756 1446 sacra
785 1404 1137 1446 introduxerunt:
1176 1404 1294 1460 plebi
1325 1407 1465 1457 certe,
1497 1419 1626 1460 quum

139 1477 184 1517 in
213 1489 305 1517 rem
333 1475 554 1531 publicam
582 1476 647 1517 ita
675 1476 912 1531 perfectam
942 1475 1166 1528 introiret,
1202 1490 1340 1531 neque
1370 1475 1425 1517 ad
1454 1476 1626 1531 patrici-

141 1560 260 1589 orum
301 1547 577 1602 religionem,
621 1560 759 1602 neque
801 1552 975 1603 propter
1014 1547 1125 1588 hanc
1154 1547 1312 1603 ipsam,
1359 1561 1468 1603 quae
1504 1548 1549 1589 in
1580 1562 1624 1589 re

139 1618 315 1674 publica
357 1619 472 1660 tanti
511 1618 718 1660 momenti
763 1620 877 1670 erat,
929 1618 984 1660 ad
1036 1619 1393 1673 aequabilitatem
1435 1619 1541 1661 iuris
1582 1621 1625 1661 et

139 1689 449 1746 capessendam
477 1704 567 1732 rem
598 1688 816 1746 publicam
846 1689 992 1732 aditus
1022 1690 1215 1746 patebat.

251 1762 489 1818 Postquam
532 1761 667 1815 igitur
698 1761 911 1815 vidimus,
953 1762 1163 1817 quomodo
1206 1763 1320 1804 servi
1360 1763 1624 1818 clientesque

139 1847 243 1888 erga
271 1833 526 1888 religionem
556 1833 834 1889 patriciorum
864 1847 958 1875 sese
979 1833 1225 1889 habuerint,
1254 1834 1381 1876 huius
1401 1834 1628 1890 religionis

139 1908 339 1947 naturam
379 1905 554 1961 propius
585 1904 952 1947 considerabimus
969 1907 990 1957 ;“
1025 1919 1107 1961 quo
1138 1904 1329 1961 perfecto
1361 1905 1412 1947 de
1441 1905 1625 1961 plebeio·

137 1991 231 2020 rum
262 1976 509 2020 conditione
538 1975 693 2018 melius
722 1975 912 2020 iudicare
943 1977 1192 2032 poterimus.
1223 1999 1278 2006 —-
