1793 2999
872 127 923 166 10

263 242 482 286 Obiecerit
516 244 674 300 aliquis
712 246 812 288 huic
841 247 1087 290 sententiae
1122 248 1209 290 iam
1245 261 1272 288 a
1306 245 1449 293 Numa
1478 258 1631 288 novem

150 313 368 358 fabrorum
406 314 592 371 collegia
631 317 872 360 constituta
912 332 1006 361 esse
1026 318 1078 372 l):
1130 332 1240 375 quae
1278 329 1408 373 quum
1445 313 1632 371 patricia

150 399 244 427 esse
273 400 360 428 non
388 390 568 442 possent
585 387 639 441 ²),
671 387 837 431 Numae
866 389 954 431 iam
982 389 1249 446 temporibus
1278 388 1440 435 Romae
1463 385 1631 443 plebem

149 456 282 500 fuisse
312 458 357 498 et
385 449 603 501 fabrorum
633 460 957 516 operationibus
987 474 1081 503 sese
1112 460 1293 504 dedisse.
1346 457 1431 508 Qui
1447 457 1512 500 ita
1535 470 1631 498 cum

149 527 297 580 Livio,
344 527 580 584 Dionysio,
624 531 861 575 Plutarcho
898 533 1028 585 facit,
1070 532 1182 575 falso
1212 531 1404 574 iudicare
1436 533 1479 571 et
1507 528 1553 570 in
1583 543 1632 570 eo

111 641 117 648 ,
149 611 289 641 errare
319 599 445 642 nobis
476 600 672 654 videtur,
704 602 842 658 quod,
873 617 1001 660 quum
1032 606 1185 660 postea
1213 602 1382 658 plebem
1413 601 1457 642 in
1486 598 1633 656 ampli-

147 669 278 712 ficata
326 670 431 714 urbe
483 672 753 715 habitantem
805 674 1014 717 eiusmodi
1071 673 1392 730 operationibus
1443 670 1632 713 deditam

147 740 317 794 videat,
347 742 458 799 hanc
488 743 780 788 conditionem
809 745 865 788 ad
895 746 1082 801 priscam
1113 759 1281 800 quoque
1301 744 1470 801 plebem
1497 745 1632 788 trans-

146 813 244 854 fert.
303 812 366 872 At
394 814 680 869 posteriorum
717 818 958 872 temporum
989 816 1112 872 plebs
1143 816 1352 858 colluvies
1382 817 1449 856 est
1478 813 1633 870 prisco-

146 896 240 924 rum
278 884 545 939 plebeiorum
586 885 870 939 urbanorum,
913 890 957 928 et
997 887 1252 939 multorum,
1294 900 1399 941 quos
1442 885 1630 940 undique

148 953 328 996 obscuro
369 955 465 997 loco
507 958 634 997 natos
675 956 895 1011 quaelibet
937 971 1069 999 causa
1109 958 1290 1000 Romam
1327 956 1549 1007 duxerat,
1588 959 1631 997 et

146 1023 340 1079 illorum,
383 1026 457 1081 qui
495 1030 626 1070 antea
664 1028 945 1084 patriciorum
983 1027 1164 1070 clientes
1194 1028 1389 1079 fuerant3
1432 1026 1505 1082 qui
1534 1040 1633 1082 quo-

147 1095 272 1138 modo
312 1097 542 1153 paullatim
581 1098 636 1140 ad
674 1099 843 1155 plebem
878 1099 1152 1152 transierint,
1209 1098 1397 1142 dilucide
1435 1098 1629 1152 Langius

145 1167 214 1215 (cf.
256 1167 500 1212 Handbuch
535 1169 612 1213 der
658 1171 899 1213 romischen
943 1170 1264 1224 Alterthiimer,
1319 1171 1506 1213 Patrone
1543 1168 1630 1212 und

146 1237 362 1289 Clienten)
393 1241 666 1284 monstravit.
740 1242 827 1284 Sed
857 1242 895 1283 si
924 1243 1289 1298 perspexerimus,
1333 1240 1445 1296 quod
1473 1239 1628 1296 priscis

143 1309 411 1365 temporibus
449 1311 564 1353 inter
601 1312 782 1354 clientes
824 1315 867 1354 et
896 1312 1088 1367 plebem,
1132 1315 1176 1354 et
1215 1312 1393 1353 tertium
1422 1310 1531 1352 illud
1560 1311 1629 1352 ho-

145 1381 310 1424 minum
346 1396 483 1436 genus
526 1382 707 1424 civitate
752 1397 923 1436 carens,
971 1382 1155 1425 dicimus
1191 1397 1360 1435 servos,
1403 1381 1628 1436 religionis

144 1452 373 1508 cultusque
403 1452 636 1498 discrimen
664 1455 975 1507 intercesserit,
1015 1453 1070 1497 ad
1099 1453 1405 1496 illustrandam
1434 1456 1626 1496 nostram

143 1537 232 1567 rem
261 1538 467 1580 magnum
497 1525 793 1580 adiumentum
822 1522 1090 1568 habebimus.

211 1596 417 1641 Priscis
447 1600 492 1639 et
521 1597 767 1653 posteribus
784 1596 1052 1652 temporibus
1082 1597 1209 1648 servi,
1241 1595 1521 1651 undecunque
1543 1595 1626 1638 orti

142 1669 265 1709 erant
296 1670 340 1709 et
370 1681 538 1722 quoquo
569 1667 694 1711 modo
731 1669 775 1710 in
806 1668 1062 1710 servitutem
1091 1671 1324 1720 venerant,
1367 1681 1452 1708 non
1481 1669 1531 1708 ut
1558 1666 1628 1709 ho-

140 1738 304 1790 mines,
348 1738 424 1780 sed
463 1753 637 1793 prorsus
680 1742 727 1781 ut
764 1753 833 1780 res
863 1738 1188 1790 tractabantur,
1220 1737 1376 1792 quibus
1406 1738 1541 1789 nihil,
1582 1738 1627 1778 in

141 1812 247 1863 ques
294 1808 440 1851 omnia
481 1807 653 1860 liceret3
709 1808 865 1864 quibus
909 1809 1047 1851 omnis
1090 1808 1271 1851 libertas
1310 1809 1438 1865 plane
1480 1807 1627 1864 erepta

141 1882 248 1921 erat.
307 1879 419 1921 Suos
448 1879 584 1933 igitur
613 1879 730 1932 deos,
761 1881 797 1921 si
829 1894 935 1935 quos
965 1880 1226 1932 habuerant,
1256 1879 1397 1921 colere
1427 1882 1542 1920 certe
1570 1879 1626 1920 iis

139 1965 225 1993 non
253 1950 419 1993 licebat
437 1983 447 2003 ,
487 1950 657 1993 scilicet
687 1950 764 1993 illo
795 1953 1002 2007 tempore,
1033 1950 1086 1992 de
1116 1965 1198 2005 quo
1229 1950 1422 2004 agimus3
1464 1949 1626 1992 licebat

139 2024 313 2076 postea,
356 2034 486 2075 quum
522 2020 739 2075 peregrini
770 2020 884 2063 servi
914 2021 986 2063 vel
1015 2019 1237 2062 nobilibus
1267 2019 1473 2061 Romanis
1504 2033 1625 2065 suam

137 2091 393 2145 religionem
430 2090 674 2132 tradebant.
740 2090 802 2132 At
839 2091 1083 2145 antiquitus
1122 2093 1171 2133 ut
1209 2104 1351 2132 merae
1390 2105 1458 2132 res
1488 2093 1532 2132 et
1567 2091 1628 2131 in-

138 2164 403 2214 strumenta,
434 2161 591 2216 quibus
621 2161 786 2216 aliquid
814 2161 1102 2217 perficeretur,
1132 2160 1176 2202 in
1205 2160 1339 2204 sacris
1368 2160 1553 2217 publicis
1583 2164 1626 2203 et
1692 2157 1697 2162 ’

229 2419 267 2451 ut
289 2419 368 2452 octo
393 2414 535 2463 quidem
566 2414 689 2450 diebus
712 2415 835 2451 rustici
860 2426 946 2462 opus
971 2415 1147 2458 facerent,
1183 2425 1277 2451 nono
1302 2417 1417 2450 autem
1441 2414 1497 2450 die
1521 2414 1627 2451 inter·

228 2476 335 2511 misso
360 2487 439 2510 rure
463 2474 507 2509 ad
532 2477 722 2509 mercatum
747 2475 911 2521 legesque
942 2474 1166 2521 accipiendas
1191 2475 1340 2509 Romam
1364 2474 1558 2509 venirent.“
1583 2495 1626 2501 —

174 2552 204 2596 ¹)
227 2551 279 2589 cf.
302 2550 518 2588 Plutarchus
542 2550 659 2587 Numa
682 2562 710 2586 c.
737 2551 790 2590 17.
817 2568 856 2575 —-

172 2627 204 2670 ²)
228 2627 334 2664 Dion.
358 2628 383 2664 l.
407 2628 432 2664 l.
455 2627 530 2671 IX,
555 2628 614 2663 25:
650 2653 671 2672 ‚,
691 2656 698 2664 .
725 2654 734 2663 .
757 2653 765 2663 .
791 2655 800 2664 .
825 2630 940 2662 οὐδενὶ
974 2631 1054 2670 ἐξῆν
1089 2629 1253 2668 Ῥωμαίων
1293 2628 1358 2671 (sc.
1383 2627 1626 2675 patriciorum)

232 2691 308 2723 οὔτε
342 2692 493 2731 κάπηλοι·
529 2691 605 2723 vim
631 2693 844 2735 χειροτέχνην
867 2693 944 2734 βίον
967 2689 1093 2738 ἕχειν,“
1124 2687 1218 2736 quod
1242 2692 1334 2724 certe
1357 2699 1427 2725 non
1450 2691 1523 2725 tam
1546 2687 1624 2735 lege

223 2749 363 2801 aliqua,
403 2761 508 2799 quam
533 2749 783 2789 consuetudine
807 2749 1047 2787 Romanorum
1073 2749 1220 2786 vetitum
1244 2751 1329 2785 erat.
