1793 2999
859 747 944 819 H.

198 901 477 970 Quaeritur,
514 914 632 966 quae
666 900 815 953 fuerit
847 898 1079 966 patriciae
1113 895 1368 978 refigionis
1401 898 1589 950 natura.

857 1034 888 1042 xx
895 1034 905 1041 xe
910 1032 1018 1041 vmxvxm
1027 1033 1031 1038 ι

270 1127 452 1169 Publica
489 1126 781 1169 Romanorum
817 1126 972 1181 religio
1017 1140 1087 1176 eo,
1143 1123 1256 1179 quod
1301 1139 1327 1165 a
1372 1124 1556 1166 Romulo
1597 1128 1640 1165 et

160 1199 302 1241 Numa
336 1199 475 1253 iisque
511 1199 685 1253 regibus
726 1199 931 1241 instituta
968 1211 1061 1240 esse
1095 1195 1303 1248 traditur,
1345 1195 1473 1251 plane
1503 1194 1636 1237 aliam

159 1273 290 1326 atque
321 1273 486 1312 ceteras
515 1269 739 1324 religionis
769 1270 977 1325 speciem,
1012 1269 1160 1321 finem,
1200 1270 1399 1309 naturam
1438 1266 1639 1308 habuerit

159 1355 334 1383 necesse
372 1344 459 1394 est,
511 1341 555 1381 id
607 1340 718 1395 quod
765 1342 902 1396 primo
944 1343 1123 1396 aspectu
1160 1339 1289 1381 facile
1330 1339 1639 1393 cognooismus.

159 1413 256 1455 Non
287 1426 339 1454 ex
370 1427 472 1455 cura
502 1415 546 1453 et
577 1412 719 1454 animo
750 1426 876 1467 quem-
905 1426 984 1453 nos
1013 1410 1192 1452 dicimus
1213 1411 1284 1466 pio
1303 1410 1383 1451 illa
1406 1410 1638 1452 emanavit.

167 1484 309 1535 Quum
340 1483 601 1526 Graecorum
637 1484 698 1525 dii
734 1498 759 1525 a
789 1498 952 1525 summo
990 1482 1172 1538 quodam
1202 1482 1412 1537 principio
1443 1482 1638 1534 exierint,

165 1560 324 1598 certam
352 1555 533 1597 formam
561 1555 803 1608 habuerint,
834 1554 1111 1615 generatione
1141 1558 1186 1595 et
1213 1553 1426 1595 affinitate
1453 1553 1640 1596 invicem

166 1628 446 1679 cohaereant,
483 1627 773 1669 Romanorum
801 1627 931 1681 prisci
967 1626 1027 1668 dii
1055 1625 1177 1667 nulla
1212 1625 1301 1667 fere
1329 1626 1498 1667 ratione
1526 1627 1642 1667 inter

165 1713 210 1741 se
237 1699 380 1754 juncti
409 1699 533 1741 nobis
566 1697 736 1739 obviam
765 1697 892 1750 fiunt;
933 1697 1099 1740 nullum
1131 1696 1522 1751 consanguinitatis
1551 1697 1641 1739 vin-

165 1771 307 1822 culum
335 1771 449 1812 inter
479 1784 550 1811 eos
579 1769 819 1811 intercedit.
839 1771 871 1822 ¹)
929 1769 1062 1810 Ianus
1098 1769 1192 1821 ille,
1229 1769 1555 1823 antiquissimus
1595 1774 1638 1811 et

165 1856 354 1884 summus
384 1841 509 1894 deus,
539 1840 741 1883 absoluta
770 1841 887 1883 solus
916 1843 1006 1886 stat
1035 1841 1278 1895 majestate,
1307 1854 1439 1882 uxore
1470 1854 1637 1883 carens:

165 1927 262 1954 nam
293 1914 330 1955 si
361 1912 529 1967 quando
557 1912 666 1954 Iana
696 1914 1073 1964 commemoratur,
1105 1915 1342 1954 ceterorum
1371 1911 1545 1954 deorum
1575 1913 1640 1954 de-

164 1997 368 2040 arumque
399 1984 565 2027 ratione
603 1985 755 2026 habita
784 1984 933 2026 addita
964 1987 1050 2036 est3
1093 1987 1136 2025 et
1165 1984 1243 2026 hos
1273 1998 1460 2039 quoque,
1501 1999 1640 2027 mares

165 2058 208 2097 et
237 2055 441 2109 feminas,
480 2054 669 2110 coniugii
698 2056 871 2098 vinculo
903 2056 1152 2098 coniunctos
1180 2055 1314 2098 fuisse
1343 2055 1517 2098 minime
1547 2071 1641 2099 con-

164 2130 267 2169 stat.
324 2128 441 2180 Iino,
485 2127 545 2168 dii
574 2127 859 2169 masculinum
888 2127 1016 2177 illud,
1055 2141 1305 2182 procreans,
1345 2127 1449 2169 deae
1478 2128 1641 2170 femini-

163 2201 288 2251 num,
329 2198 573 2255 concipiens
603 2199 646 2239 in
678 2190 817 2241 rerum
846 2198 1046 2240 universo
1076 2198 1333 2254 principium
1361 2198 1552 2242 indicare
1582 2201 1640 2242 vi-

164 2270 329 2313 dentur.
365 2294 418 2300 -—
461 2270 635 2327 Species
675 2285 775 2313 vero
812 2270 984 2313 illorum
1032 2270 1254 2313 numinum
1291 2274 1382 2314 tam
1424 2271 1638 2326 abstrusa,

199 2435 226 2484 ¹)
250 2435 303 2473 cf.
326 2435 542 2483 Schwegler.
564 2436 588 2470 l.
611 2435 635 2472 1.
658 2434 688 2479 1,
712 2435 745 2479 4,
770 2436 811 2470 9:
843 2435 1041 2487 Uebrigens
1072 2434 1211 2470 seheint
1243 2434 1304 2470 der
1327 2434 1553 2483 vorliegende
1578 2437 1638 2473 Sa-

252 2496 441 2541 genkreis,
471 2507 544 2531 was
568 2495 704 2531 sowohl
728 2494 784 2531 die
809 2496 1027 2542 Umsefzung
1046 2497 1146 2541 jener
1169 2495 1293 2530 (161161-
1319 2496 1357 2530 in
1381 2495 1541 2543 Konige,
1582 2498 1639 2533 alss

252 2556 308 2591 die
334 2555 594 2603 Verkniipfung
624 2554 805 2590 derselben
837 2555 947 2590 durch
977 2555 1044 2590 den
1075 2554 1212 2601 Begriff
1236 2554 1448 2601 physischer
1470 2556 1641 2603 Zeugung

250 2615 400 2659 betrifft,
432 2616 780 2661 verhiiltnissmiissig
799 2616 891 2661 jung
913 2615 983 2650 und
1006 2626 1087 2650 vom
1115 2614 1285 2650 Einfiusse
1309 2614 1371 2650 der
1391 2616 1638 2661 griechischeu

250 2673 472 2721 Mythologie
503 2675 604 2710 nicht
636 2675 702 2710 frei
726 2686 768 2709 zu
793 2674 885 2718 sein,
921 2674 1012 2709 deun
1044 2674 1100 2710 die
1123 2674 1211 2711 Idee·
1230 2674 1553 2721 geschlechtlicher
1577 2676 1639 2711 En·-

251 2726 413 2781 zeugung
447 2746 516 2770 von
550 2735 696 2771 Guttern
724 2763 733 2771 .
757 2762 764 2770 .
790 2761 797 2768 .
824 2762 832 2771 .
865 2733 975 2770 durch
1001 2734 1126 2770 Gutter
1147 2736 1194 2770 ist
1217 2762 1227 2771 .
1251 2761 1260 2771 .
1284 2762 1292 2770 .
1319 2762 1326 2771 .
1358 2735 1555 2782 uberhaupt
1578 2736 1639 2772 dor

250 2794 490 2831 altitalischen
513 2795 680 2842 Religion
705 2822 713 2832 .
740 2823 747 2833 .
772 2823 780 2832 .
806 2822 813 2831 .
845 2795 1095 2842 urspriinglich
1119 2795 1242 2831 fremd.
