1793 2999
879 746 929 817 I.

196 897 468 967 Quaeritur,
513 914 632 965 quae
664 898 812 952 fuerit
846 897 1001 966 plebis
1036 898 1194 966 origo,
1238 913 1449 965 quaeque
1482 897 1608 951 ratio

272 982 326 1034 in
357 983 496 1037 rebus
533 981 681 1036 sacris
713 980 841 1034 inter
873 981 1081 1048 plebem,
1119 995 1296 1047 servos
1331 980 1533 1045 clientes

731 1063 1070 1117 intercesserit.

773 1212 1033 1222 *naatxv-mxwwve--a

273 1296 494 1378 Originem
525 1322 663 1379 plebis
694 1322 854 1377 primus
885 1304 1055 1376 quidem
1083 1321 1344 1364 Niebuhrius
1374 1324 1488 1363 recte
1519 1321 1643 1363 intel-

86 1430 94 1437 .
161 1395 270 1436 lexit
299 1397 343 1436 et
372 1394 494 1436 illam
516 1394 736 1436 Romanae
766 1393 829 1435 rei
856 1394 1056 1450 publicae
1071 1396 1237 1450 partem
1267 1392 1419 1434 merito
1451 1393 1640 1434 seiunxit

161 1483 187 1508 a
217 1465 447 1508 clientibus
471 1465 574 1517 illis,
605 1465 857 1520 quibuscum
874 1464 1034 1521 plebeii
1063 1480 1089 1507 a
1118 1464 1257 1516 Livio,
1284 1464 1510 1520 Dionysio,
1541 1464 1640 1506 aliis

159 1537 491 1590 confunduntur.
550 1537 813 1579 Niebuhrius
851 1542 896 1579 et
936 1550 1081 1578 omnes
1122 1537 1209 1578 fere
1248 1538 1385 1579 nostri
1433 1536 1639 1591 temporis

161 1610 390 1665 scriptores
419 1621 557 1650 rerum
587 1608 875 1650 Romanarum
905 1608 1073 1664 plebem
1099 1608 1338 1650 Romanam
1367 1608 1421 1650 ab
1452 1607 1639 1649 Albanis

161 1680 250 1722 illis
286 1679 509 1722 oriundam
546 1679 731 1730 faciunt,
773 1694 877 1734 quos
917 1679 1062 1721 diruta
1091 1679 1210 1720 Alba
1240 1678 1392 1720 Tullus
1423 1679 1640 1720 Hostilius

161 1752 205 1792 in
235 1753 380 1793 monte
410 1749 555 1792 Coelio
586 1750 836 1803 collocavit;
859 1752 891 1804 ¹)
923 1750 1174 1805 quibuscum
1192 1750 1315 1791 Anco
1346 1750 1508 1792 Marcio
1539 1764 1639 1805 rege

159 1822 327 1864 incolae
355 1820 578 1873 Politorii,
610 1821 839 1874 Tellenae,
869 1820 1058 1864 Ficanae
1088 1821 1158 1863 vel
1186 1821 1445 1863 Fidenarum
1483 1824 1526 1863 et
1555 1822 1641 1863 Me-

162 1893 321 1934 dulliae
353 1893 571 1935 coniuncti
601 1906 694 1934 esse
723 1893 966 1934 traduntur.
1024 1893 1147 1934 Hanc
1177 1892 1314 1948 plebis
1340 1892 1549 1946 originem
1578 1908 1641 1935 ra-

160 1964 351 2007 tionibus
379 1964 571 2020 locisque
609 1963 663 2005 ab
694 1964 884 2019 antiquis
923 1964 1202 2020 scriptoribus
1238 1963 1388 2021 petitis
1418 1964 1567 2006 iuvare
1597 1968 1640 2006 et

108 2064 111 2067 -
160 2036 408 2078 confirmare
452 2049 500 2076 eo
547 2035 687 2076 minus
732 2037 1019 2077 necessarium
1060 2035 1253 2087 videtur,
1293 2049 1422 2089 quum
1466 2036 1546 2077 hac
1586 2036 1638 2077 de

160 2121 204 2149 rc
233 2107 326 2162 ipse
363 2106 625 2149 Niebuhrius
655 2105 901 2159 (Rcmische
945 2105 1207 2149 Geschichte
1236 2106 1271 2158 Ι,
1302 2122 1341 2162 p.
1383 2111 1473 2148 120.
1514 2107 1637 2162 sqq),

160 2177 461 2232 Schweglerus
492 2177 558 2226 (R.
591 2177 641 2219 Gr.
671 2178 706 2229 I,
740 2182 803 2229 14,
834 2178 905 2229 9.),
934 2177 1153 2219 Beckerus
1184 2178 1446 2228 (Handbuch
1476 2178 1551 2219 der
1578 2185 1640 2219 ro-

160 2249 351 2292 mischen
382 2248 680 2291 Alterthiimer
709 2249 767 2300 ΙΙ,
801 2254 836 2291 1.
867 2264 907 2305 p.
940 2253 1016 2290 133
1043 2249 1138 2304 sq.),
1169 2249 1363 2303 Langius
1393 2249 1638 2303 (Romische

159 2320 458 2362 Alterthiimer
486 2321 521 2373 Ι,
552 2323 704 2372 §.553
733 2321 862 2375 longe
892 2321 1065 2375 lateque
1095 2322 1138 2361 et
1167 2320 1213 2361 in
1242 2323 1435 2362 nostram
1467 2322 1637 2376 quidem

160 2392 420 2434 sententiam
451 2392 630 2446 egerint.
689 2388 809 2443 Quae
841 2407 892 2433 ex
923 2406 1066 2434 eorum
1104 2392 1333 2434 sententiis
1362 2391 1417 2433 ad
1446 2395 1639 2435 nostram

158 2475 247 2503 rem
276 2463 520 2504 necessaria
549 2462 764 2515 ducimus,
795 2464 1041 2518 priusquam
1072 2477 1380 2519 proponamus,
1411 2464 1638 2519 patriciam

126 2556 131 2559 -
157 2532 278 2574 illam
307 2533 536 2575 Ramnium
566 2534 749 2587 tribum,
788 2534 900 2577 unde
931 2534 1110 2577 oriunda
1140 2535 1218 2588 sit,
1257 2536 1302 2577 in
1330 2535 1518 2577 medium
1547 2550 1639 2591 pro-

158 2603 267 2646 ferre
296 2618 374 2646 nos
405 2608 588 2661 oportet.

115 2768 118 2773 ,
194 2757 223 2800 ι)
248 2757 371 2794 Livius
394 2758 425 2803 1,
448 2759 503 2795 30.
527 2780 570 2786 -
