1793 2999
863 115 920 153 30

145 233 370 277 numinum
394 233 489 275 *vel-
516 232 691 287 singula
738 234 1020 288 cognomina,
1057 249 1168 290 quae
1204 235 1249 282 in
1289 235 1473 279 diversis
1508 236 1633 280 Latii

146 303 315 362 oppidis
355 303 610 359 gerebant„
629 304 704 348 vel
738 304 1112 360 singularitas,
1148 306 1360 360 facinora,
1383 321 1486 361 res,
1522 308 1632 362 loca,

146 390 255 433 quae
296 385 443 419 eorum
480 375 890 430 dominia-subdita
929 379 1075 430 eraut,
1114 377 1160 421 in
1189 378 1364 426 deorum
1392 379 1631 436 potentiam

145 451 190 491 et
217 448 422 490 honorem
451 447 658 491 extulerit
686 451 732 491 et
760 448 954 502 auxerit,
982 448 1117 503 unde,
1147 465 1285 506 quum(
1307 465 1344 495 e.
1360 465 1413 506 g.
1442 450 1528 495 diis
1555 451 1632 508 qui

144 520 355 567 vocantur
393 520 587 570 χθωίως
617 520 719 562 «tam
754 519 948 575 amplum
979 519 1048 563 sit
1086 519 1334 566 dominium*
1363 524 1537 577 tamque
1573 520 1632 563 di·

144 604 296 635 versae
334 603 478 634 rerum
516 589 806 646 gerendarum
846 591 964 635 vices
977 624 989 645 ,
1031 605 1271 648 quumque
1285 594 1521 650 unicuiqlie:
1539 593 1631 637 fere

143 663 263 707 vitae
302 663 533 709 humanae>
557 665 776 706 momento
812 663 1084 720 singulisque
1123 664 1354 710 hominum-
1385 665 1630 720 actionibus

143 739 189 779 et
215 734 537 780 conditionibus
572 733 687 778 deus
700 736 851 791 quasi.
874 739 1025 792 auctor
1061 738 1106 780 et
1133 739 1256 783 tutor
1282 741 1631 796 praeponeretur,

142 806 328 864 grandia
344 806 435 850 ¹illu
460 807 706 860 '7500er
730 807 932 851 demum&
963 808 1185 852 volumina
1213 811 1308 853 orta
1336 812 1440 852 sunt
1456 810 1509 865 ¹.),‚
1533 823 1631 866 quo-

142 895 238 923 rum
276 893 480 923 numerus
515 882 562 922 et
596 882 754 922 natura
793 883 838 923 et
878 880 1152 925 obscoenitas
1190 880 1424 939 interdum.
1439 881 1630 937 antiquis

141 952 232 995 illis
272 951 537 995 christianae
575 951 802 1007 religionis
840 952 1159 1007 defensoribus,
1203 955 1253 996 ut
1293 952 1340 996 S.
1364 952 1629 1007 Augustino,

142 1023 424 1086 Tertulliano
443 1023 598 1066 miram
626 1023 864 1066 cavillandi
892 1025 1118 1068 materiam
1148 1024 1409 1069 obtulerunt.
1460 1023 1629 1074 Quodsi

140 1097 235 1153 ipse
271 1095 548 1152 Augustinus
587 1098 762 1139 nostrae
806 1096 1055 1140 sententiae
1074 1110 1354 1153 arepugnasse
1404 1098 1473 1147 etz
1496 1095 1628 1152 plebi,

141 1182 227 1210 non
255 1167 474 1224 patriciis,
504 1168 749 1224 innumeros
776 1168 879 1211 illos
907 1168 1011 1211 deos
1040 1168 1245 1211 tribuisse
1274 1168 1466 1220 videtur,
1489 1181 1627 1224 ¹quum

141 1239 261 1282 dicat
289 1238 337 1292 (l.
366 1239 396 1282 l.
425 1238 504 1293 IV,
537 1239 642 1294 11.)i
673 1239 829 1293 „turba
858 1239 1272 1296 quasiplebeiorum
1300 1238 1516 1292 deorum“,
1545 1238 1627 1281 hoc

140 1311 251 1353 nihil
288 1311 345 1354 ad
384 1324 475 1353 rem
508 1311 790 1354 refellendam
828 1312 1014 1365 confert,
1052 1326 1182 1367 quum
1214 1309 1527 1368 „plebeiorum“
1560 1323 1627 1351 vo-

142 1382 352 1429 cabulum·
373 1382 709 1439 contemptionis
737 1382 851 1440 -quid
879 1383 926 1426 in
954 1397 1003 1426 se
1038 1382 1201 1426 habeat
1227 1385 1274 1426 et
1300 1382 1426 1425 illum
1454 1382 1625 1424 sensum

140 1453 362 1508 redoleat,
377 1464 513 1510 'quem
542 1456 757 1511 posterius
786 1470 940 1498 aevum
967 1456 1066 1498 voci
1098 1455 1291 1512 „plebisff
1320 1453 1626 1497 subderescon-

139 1528 367 1580 sueverat,
407 1540 620 1582 quemque
649 1541 676 1569 a
702 1526 885 1583 plebeiis
929 1527 1012 1572 diis
1040 1528 1169 1583 longe
1198 1527 1351 1570 abesse
1378 1526 1465 1568 iam
1487 1526 1625 1567 «antea

137 1597 428 1652 probavimus.
486 1596 607 1647 Quin·
633 1598 741 1652 imo,
782 1598 822 1641 si
856 1603 1036 1656 excepto
1071 1600 1180 1641 Iano
1222 1601 1387 1641 ceteros
1424 1596 1540 1649 deos,
1576 1594 1623 1638 id

138 1668 252 1724 quod
280 1668 488 1712 facillime
516 1669 611 1712 fieri
638 1672 797 1725 potest,
825 1672 1019 1723 χθονίων
1046 1671 1117 1713 vel
1152 1669 1420 1713 terrestrium
1449 1667 1623 1710 deorum

137 1739 218 1783 sub
247 1740 425 1783 notione
453 1741 876 1798 comprehendimus,
904 1744 951 1785 et
979 1742 1085 1784 haec
1113 1741 1338 1784 terrestria,
1366 1738 1541 1782 numina
1569 1752 1622 1780 ex

138 1812 358 1855 sententia
387 1812 662 1868 Schwegleri.
685 1815 718 1865 2)
757 1814 832 1856 uni
861 1814 1073 1870 principio
1101 1813 1402 1868 subiungimus
1416 1844 1426 1863 ,
1456 1826 1506 1854 eo
1536 1825 1624 1866 per-

137 1883 349 1938 venimus,
377 1887 429 1927 ut
455 1884 624 1941 priscae
652 1885 773 1928 Latii
802 1885 1003 1940 religioni
1031 1885 1115 1928 dno
1144 1887 1315 1928 tantum
1335 1876 1484 1926 divina
1502 1882 1622 1939 ,prin-

137 1956 254 2011 cipia
281 1956 550 2000 vindicemus
563 1989 574 2010 ,
612 1971 791 2012 quorum
819 1957 1004 2000 alterum
1018 1990 1029 2010 ,
1068 1957 1257 1999 coeleste
1284 1955 1403 1998 illud·
1423 1955 1521 1998 Iani
1545 1968 1622 1996 nu-

136 2039 248 2081 men,
276 2026 491 2071 intactum
520 2030 565 2071 et
593 2027 829 2072 indivisum
856 2028 1031 2082 mansit,
1059 2028 1244 2071 alterum
1273 2041 1375 2070 vero
1403 2027 1621 2078 terrestre,

172 2249 200 2293 ¹)
223 2249 320 2296 Aug.
342 2249 377 2285 d.
401 2259 431 2285 c.
453 2248 489 2286 (1.
511 2249 578 2295 IV,
600 2250 640 2286 8:
670 2249 849 2295 „Nomius
879 2249 1022 2286 deorum
1056 2251 1118 2286 unt
1139 2248 1302 2294 dearum,
1325 2258 1414 2296 quus
1436 2247 1493 2284 illi
1516 2257 1620 2294 gruu-

224 2309 330 2349 dibu·
350 2310 591 2351 voluminibus
614 2311 675 2347 vix
696 2310 991 2359 conprehendere
1013 2310 1237 2358 potuerunt,“
1655 2315 1658 2316 ’

167 2389 197 2432 ²)
221 2388 293 2425 Ofr.
327 2387 575 2436 Schweglerus
605 2388 630 2424 l.
653 2389 678 2425 1.
710 2388 776 2434 IV,
801 2389 855 2434 14,
890 2401 926 2436 p.
955 2388 1042 2424 234:
1083 2388 1175 2433 „Die
1211 2387 1437 2436 mythischeu
1475 2386 1619 2434 Kouige

222 2449 385 2486 Latinius
407 2449 591 2487 reduciren
614 2450 692 2486 sich
715 2450 885 2486 hiernach
910 2449 1050 2496 (causus
1074 2449 1179 2485 huius
1195 2448 1391 2485 sententiae
1413 2450 1517 2484 untes
1540 2459 1617 2495 pro-

222 2511 323 2555 tulit)
345 2511 392 2546 im
418 2510 563 2547 Grande
586 2511 650 2547 auf
669 2510 775 2546 zwei:
799 2511 867 2547 den
891 2511 999 2547 Ianus
1023 2510 1206 2546 einerseits
1229 2508 1300 2544 und
1323 2507 1380 2544 die
1404 2507 1616 2555 vielnamige

222 2571 323 2608 Erd-
355 2571 440 2608 oder
461 2571 836 2620 Unterweltsgottheit
868 2571 1113 2608 undererseits.
1158 2570 1208 2606 Es
1231 2569 1279 2605 ist
1301 2568 1456 2606 dieselbe
1478 2569 1616 2606 Grund-

222 2632 447 2681 eintheilung
468 2633 507 2669 in
530 2633 634 2670 obere
665 2633 749 2670 oder
771 2633 997 2670 himmlische
1019 2633 1092 2669 und
1114 2634 1235 2669 untere
1265 2631 1350 2668 oder
1382 2631 1616 2669 chthonische

221 2693 366 2737 Gottsr,
400 2692 535 2730 wdche
567 2705 634 2731 uns
667 2694 758 2731 such
789 2694 828 2731 in
861 2693 923 2731 der
951 2693 1200 2743 griechischen
1222 2693 1389 2741 Religion
1427 2695 1618 2741 entgegen‹

220 2754 311 2792 tritt.
333 2772 376 2781 ——
402 2786 405 2789 Α
451 2777 454 2779 -
731 2776 745 2780 -v
767 2784 769 2786 ,
814 2778 816 2781 .
