1793 2999
886 112 935 150 31

167 225 218 271 ut
251 225 497 274 hominibus·
537 226 852 287 hominumque
883 230 1144 273 mationibus¹>
1164 229 1339 287 propius
1375 230 1652 281 collocatum,

169 300 352 344 diversis
381 302 489 346 locis
519 303 735 345 diversum
764 302 927 346 nomen
948 299 1202 358 cultumque'
1225 301 1428 345 obtinuit.
1455 301 1489 356 ¹)
1536 313 1539 315 ’

254 373 346 415 ‘Ex
385 371 459 417 iis¹
482 374 640 429 igitur,
684 382 815 429 quae*
833 373 1063 427 diximus
1081 375 1263 430 apparet
1295 373 1411 415 illos·
1439 373 1648 424 homines,

170 446 244 498 qui
280 445 325 486 in
361 445 632 487 deditionem>
662 446 954 504 Romanorum
993 444 1155 501 recepti
1203 441 1356 501 postea
1401 443 1541 500 plebis
1579 457 1651 486 no-

169 528 273 557 men·
312 513 570 569 induerunt,
617 516 692 559 ubi
732 528 816 559 suo
840 514 1031 560 ‘arbitrio
1059 516 1251 577 *suisque
1290 515 1461 570 legibus
1507 514 1650 557 adhuc

169 586 409 639 florebant,
433 585 620 630 *eosdem
642 588 768 631 ‘deos
798 587 989 632 coluisse
1013 591 1145 643 atque
1173 590 1266 641 eos,
1303 587 1390 643 qui*
1405 586 1531 643 primi
1558 599 1654 628 rem·

169 657 387 715 publicam
421 659 661 703 Romanam
675 683 694 691 --
711 657 1052 714 constituerunt3
1094 669 1206 716 quae
1245 661 1395 702 nostra
1431 658 1651 702 sententia-

170 744 220 772 co
249 730 408 773 firmari
438 731 629 785 videtur,
658 732 793 787 quod,
834 743 965 788 quum
996 733 1049 775 'in
1077 728 1287 787 religione
1323 730 1438 788 apud
1465 731 1649 774 Latinos

170 815 317 845 omncs
353 817 422 845 res
456 805 551 846 tum
593 802 790 860 privatae
827 807 919 847 tum
955 803 1154 860 publicae
1183 805 1460 846 versarentur
1488 805 1534 846 et
1560 802 1650 843 fun-

170 873 417 917 damentum
455 875 685 930 haberent,
725 876 889 919 Albani
929 891 1027 920 cum
1069 875 1277 919 Romanis
1317 877 1420 917 ante
1461 874 1649 917 dirutam

170 944 328 988 Albam
366 942 626 989 connubium
669 947 913 1001 habebant,
951 947 997 990 id
1037 947 1151 1003 quod
1191 960 1409 1003 nunquam
1448 945 1542 988 fieri
1568 960 1650 1005 ‘po-

169 1016 351 1069 misser,
391 1017 477 1059 nisi
507 1017 678 1060 eosdem
707 1019 778 1061 vel
816 1019 979 1061 similes
1008 1018 1164 1061 saltem
1193 1018 1296 1061 deos
1325 1021 1370 1060 et
1397 1031 1521 1060 sacra
1548 1016 1650 1058 utri-

171 1101 255 1143 que
283 1087 546 1132 habuissent.
603 1090 774 1133 Fabula
802 1091 938 1145 enim,
974 1104 1085 1147 quae
1111 1088 1167 1133 de
1195 1090 1472 1134 Horatiorum
1500 1090 1546 1131 et
1574 1087 1650 1130 Cu-

168 1158 392 1203 riatiorum
434 1161 645 1216 singulari
688 1162 922 1205 certamine
961 1166 1186 1215 narratur,
1226 1175 1478 1217 quocunque
1522 1159 1648 1203 modo

171 1230 435 1287 explicatur,
475 1233 519 1275 id
565 1233 736 1290 quidem
778 1233 905 1276 docet
951 1233 1211 1277 connubium
1249 1233 1365 1276 inter
1399 1232 1508 1275 duas
1546 1231 1649 1274 illas

170 1302 369 1345 nationes
408 1304 729 1359 intercessisse,
773 1320 901 1362 quum
931 1306 1207 1349 Horatiorum
1245 1320 1364 1348 soror
1402 1305 1478 1346 uni
1506 1303 1649 1347 Curia-

168 1374 325 1417 tiorum
355 1379 562 1432 sponsata
590 1377 740 1430 fuerit,
781 1380 912 1434 atque
930 1411 940 1431 ,
982 1391 1111 1434 quum
1139 1377 1185 1420 in
1221 1375 1451 1432 iungendis
1480 1389 1649 1432 quoque

169 1447 454 1510 matrimoniis
495 1449 700 1505 auspiciis
741 1464 847 1506 opus
892 1452 1007 1492 esset
1032 1450 1091 1504 2),
1133 1450 1178 1491 et
1225 1448 1420 1508 auspicia
1465 1447 1646 1489 eundem

171 1518 335 1560 cultum
371 1519 596 1575 flagitent,
637 1522 809 1564 eosdem
845 1521 948 1564 deos
983 1521 1171 1565 Ramnes
1214 1520 1368 1564 saltem
1411 1523 1456 1562 et
1484 1519 1649 1562 Albani

171 1590 402 1633 habuerint
452 1605 627 1634 necesse
675 1596 755 1635 est.
823 1593 910 1636 Sed
961 1607 1091 1649 quum
1146 1592 1414 1635 Albanorum
1462 1592 1650 1634 maxima

171 1676 270 1717 pars
285 1695 295 1715 ,
331 1663 488 1719 quique
516 1665 769 1707 Latinorum
804 1665 955 1708 eadem
986 1679 1059 1708 eos
1087 1664 1255 1707 ratione
1284 1664 1423 1706 secuti
1450 1666 1574 1716 sunt,
1601 1663 1652 1720 in,

172 1748 261 1776 rem
289 1734 506 1791 publicam
536 1736 774 1779 Romanam
809 1737 996 1793 ingressi
1024 1736 1136 1790 sint,
1176 1741 1405 1793 postquam
1436 1750 1459 1777 c
1488 1734 1648 1777 Latina

172 1805 419 1861 Sabinaque
458 1808 668 1863 religione
708 1798 818 1851 mira
858 1809 937 1851 illa
971 1809 1169 1852 Romana
1208 1808 1361 1862 religio
1400 1822 1428 1850 a
1464 1807 1648 1850 Romulo

173 1877 370 1921 Numave
426 1879 498 1921 vel
546 1894 573 1922 a
627 1881 779 1936 quovis
833 1880 920 1924 alio
972 1879 1283 1937 quodammodo
1335 1879 1512 1922 confusa
1570 1880 1651 1932 est,

172 1962 386 2004 quumque
421 1950 594 2007 publica
622 1965 768 1995 eorum
803 1952 1014 2005 conditio,
1047 1967 1163 2008 ,quae
1191 1955 1286 1995 arte
1315 1967 1412 1994 cum
1440 1950 1649 2005 religione

208 2169 234 2219 ¹)
257 2169 301 2205 In
332 2170 400 2206 hac
429 2181 467 2206 re
501 2182 634 2208 mecum
659 2172 746 2210 facit
767 2173 1012 2220 Schweglerus
1033 2173 1093 2217 (R.
1116 2172 1161 2212 G.
1184 2171 1251 2216 IV,
1274 2171 1327 2209 12·
1350 2182 1384 2218 P·
1406 2171 1524 2215 227·)²
1558 2170 1648 2216 „Ue-

261 2230 446 2279 berhaupt,
477 2232 514 2278 je
538 2232 637 2268 mehr
659 2245 740 2271 man
764 2234 913 2278 zusieht,
937 2233 1008 2269 und
1028 2234 1065 2280 je
1088 2233 1210 2269 weiter
1231 2242 1312 2269 man
1335 2231 1567 2279 zuriiekgoht,
1590 2243 1648 2267 um

261 2303 299 2328 so
320 2292 422 2328 mehr
443 2293 625 2330 reduciren
647 2295 725 2333 sich
749 2295 806 2334 die
828 2295 1037 2332 Gottheiten
1060 2294 1122 2332 der
1143 2294 1342 2332 romischen
1366 2293 1553 2341 Religion,
1576 2293 1647 2330 und

260 2365 341 2391 man
371 2353 508 2397 kommt
540 2366 596 2390 am
631 2355 731 2400 Ende
769 2356 896 2393 darauf
927 2357 1077 2400 himas,
1109 2355 1192 2392 dass
1229 2355 1324 2397 diese
1353 2355 1539 2401 Religion,
1574 2366 1648 2390 was

260 2414 406 2464 Spfitere
438 2426 504 2451 nur
535 2417 712 2468 gefolgert
745 2417 882 2462 haben,
919 2417 1080 2453 wirklich
1110 2417 1148 2453 in
1178 2416 1291 2452 ihrcm
1325 2415 1449 2452 Gruud
1478 2417 1551 2452 und
1582 2416 1647 2452 Ur-

261 2486 395 2526 spruug
417 2476 495 2512 eine
517 2477 745 2516 mouistische
769 2497 807 2504 -
834 2479 885 2514 sei
909 2491 946 2514 es
968 2475 1280 2515 monotheistische
1294 2503 1304 2521 ,
1335 2477 1386 2513 sei
1409 2488 1446 2512 es
1469 2477 1648 2524 pantheis-

260 2536 392 2573 tiscshe
414 2556 457 2561 —
480 2536 646 2586 Religion
668 2549 830 2588 gewesen
852 2539 934 2576 ist.“
1002 2566 1005 2569 -

205 2625 236 2671 ²)
257 2626 330 2662 Cic.
364 2625 407 2661 de
441 2625 513 2661 div.
549 2627 578 2670 1,
613 2628 676 2663 16:
709 2627 834 2672 „Nihil
868 2628 941 2663 fero
972 2628 1148 2674 quondam
1181 2628 1325 2663 maioris
1358 2627 1409 2663 rei
1440 2622 1648 2674 nisi'auspi-

262 2689 352 2732 cato,
374 2698 419 2722 ne
441 2686 591 2734 privatis
614 2687 766 2735 quidem,
788 2687 994 2736 gerebatur:
1029 2688 1122 2736 quod
1145 2689 1250 2724 etiam
1273 2698 1366 2724 nuuc
1388 2688 1647 2736 nuptiarum

264 2749 423 2797 auspices
445 2747 637 2794 declarant,
661 2750 721 2796 qui
744 2761 781 2787 re
804 2749 934 2787 omissa
956 2760 1082 2788 nomen
1104 2752 1241 2787 tautum
1263 2749 1418 2788 teuent.“
