1793 2999
864 104 916 142 17

154 224 291 267 oculis
318 224 538 268 hominum
561 209 652 265 *non
680 223 931 279 appareret,
959 219 1108 278 paullo
1137 233 1235 263 cum
1261 233 1404 263 rerum
1433 222 1635 264 universo

155 294 357 338 confusus
386 297 475 348 est,
515 293 610 346 vel,
650 292 726 336 ubi
763 306 873 350 pura
909 291 980 335 dei
1001 291 1200 348 *cognitio
1229 305 1448 347 nunquam
1475 292 1635 347 floruit,

154 365 264 410 illud
292 367 541 410 universum
578 364 674 421 ipse
701 358 809 408 deus
838 353 934 407 esse
961 362 1215 416 videbatui-3
1258 365 1304 406 et
1332 377 1462 419 quum
1489 367 1636 420 poten-

152 437 219 481 tia
246 438 339 482 eius
365 439 413 481 in
440 436 569 480 rebus
596 435 871 479 naturalibus
886 437 1165 491 naturaeque
1189 434 1401 491 prodigiis
1413 435 1636 479 monstris-

154 521 236 565 que
263 494 513 567 appareret,
540 507 626 550 hae
652 507 768 550 vires
796 506 1049 564 speciesque
1076 506 1320 564 paullatim,
1349 506 1523 550 sublato
1547 519 1638 550 uno:

152 579 326 623 numine
339 582 371 634 ,Ψ
398 592 591 622 seorsum
629 581 675 621 et
711 578 879 621 divisae
914 578 1195 630 exstiterunt,
1233 577 1481 633 sensimque
1512 578 1633 634 ipsae

152 651 208 696 ab
234 650 483 695 hominibus
511 649 603 694 veri
630 649 818 694 numinis
845 651 1005 693 natura
1031 650 1077 692 et
1104 648 1302 706 potentia
1318 648 1631 693 indutae‘s'unt

152 723 293 775 Quam
320 723 567 766 necessaria
592 721 749 777 religio
778 720 1023 765 hominibus
1053 721 1137 775 sit,
1178 721 1386 778 exemplis
1415 722 1488 764 vel
1515 722 1632 765 seris—

152 797 356 840 simorum
391 794 646 853 populorum
674 793 912 852 probatur,
933 795 1084 850 atque,
1119 806 1251 850 quum
1278 793 1398 836 vitae
1424 794 1630 849 incultae,

151 867 363 924 pastorali
391 867 464 910 vel
492 866 683 922 agresti,
726 865 923 910 homines
961 865 1206 922 antiquitus
1241 868 1471 920 vacarent,
1513 867 1630 910 vires

148 938 273 993 illas,
304 951 414 996 quae
443 930 641 982 sensibus
671 937 1034 991 obversabantur,
1062 936 1281 982 inlocum
1309 936 1484 981 deorum
1513 938 1630 982 effer-

149 1013 247 1053 rent
286 1012 332 1053 et
366 1013 582 1065 agrestem
618 1013 669 1053 ut
696 1011 762 1053 ita
789 1008 982 1061 dicamus
996 1009 1264 1065 ⁴religionem
1292 1009 1378 1052 sibi
1406 1023 1629 1067 compone·

147 1083 246 1126 rent
284 1082 357 1126 vel
390 1081 732 1140 adipiscerentur
770 1095 946 1126 necesse
987 1082 1094 1125 erat.
1159 1080 1385 1125 Eiusmodi
1413 1082 1626 1126 naturalis

149 1155 220 1197 vel
248 1155 434 1210 agrestis
462 1156 636 1210 religio,
672 1157 959 1207 commutata,
988 1156 1116 1210 prout
1143 1153 1339 1197 homines
1368 1154 1514 1198 indole
1541 1156 1627 1198 mo-

148 1224 353 1283 ribusque
381 1226 528 1272 affecti
547 1228 690 1281 erant,
719 1225 835 1284 apud
863 1239 1011 1270 omnes
1039 1224 1238 1269 nationes
1266 1238 1402 1282 usque
1419 1225 1625 1269 ›ads-illud

148 1302 317 1354 tempus
345 1299 509 1353 floruit,
548 1298 625 1340 ubi
661 1297 894 1353 cogitando
923 1296 968 1340 et
994 1295 1294 1340 ratiocinando
1322 1295 1487 1353 singuli
1514 1297 1632 1354 puri->

148 1383 264 1413 orem
306 1369 360 1413 de
396 1369 482 1413 diis
522 1370 741 1413 notionem
781 1369 866 1412 sibi
901 1382 1067 1426 parare*
1092 1367 1341 1412 studebant.
1409 1369 1481 1412 Ad
1509 1370 1625 1413 hunc

148 1441 341 1483 culturae
369 1439 549 1496 gradum
578 1455 726 1483 omnes
749 1441 880 1497 prisci
898 1440 1019 1482 Latii
1035 1438 1186 1496 populi
1202 1441 1433 1497 postremis
1454 1440 1623 1484 domm

60 1538 67 1547 -
146 1512 411 1569 temporibus
440 1511 745 1556 ascenderunt:
785 1511 889 1555 olim
917 1511 1126 1554 naturali
1133 1511 1201 1555 illi
1229 1511 1431 1568 religioni
1458 1509 1624 1557 addicti

147 1586 293 1626 erant·
283 1616 294 1637 ,
335 1582 448 1639 quod
484 1598 613 1640 quam
652 1585 769 1626 recte
809 1597 856 1626 se
884 1583 1068 1636 habeat,
1107 1585 1261 1640 postea
1295 1584 1504 1638 elucebit,
1544 1585 1622 1628 ubi

146 1655 319 1710 singula
345 1655 610 1712 plebeiorum
638 1655 815 1698 numina
838 1655 1214 1711 anquisiverimus
1231 1657 1262 1706 ¹)

257 1725 421 1776 Quodsi
447 1725 584 1782 igitur
610 1726 759 1782 negari
793 1741 879 1769 non
905 1729 1053 1783 potest
1079 1725 1250 1783 plebem
1279 1729 1381 1770 ante
1410 1728 1621 1773 Romano-

143 1811 237 1840 rum
278 1797 613 1841 dominationem
660 1799 853 1855 proprios
897 1799 1000 1841 deos
1049 1800 1293 1842 necessario
1332 1796 1537 1845 habuisse
1575 1805 1622 1845 et

143 1868 351 1923 coluisse,
409 1868 641 1913 videndum
693 1872 785 1923 est,
837 1869 910 1926 qui
964 1869 1125 1950 fuerint
1174 1870 1222 1913 hi
1271 1870 1334 1914 dii
1388 1884 1618 1930 eorumque

143 1941 354 1984 notiones.

252 2012 333 2065 Iis,
390 2027 499 2069 quae
557 2012 764 2066 diximus,
824 2012 1033 2069 probatur
1088 2025 1433 2072 unamquamque
1484 2018 1620 2061 natio·

142 2098 241 2126 nem
290 2099 366 2141 pro
418 2098 496 2126 sua
545 2086 702 2127 natura
749 2087 794 2126 et
838 2084 983 2128 indole
1034 2098 1134 2127 suos
1187 2085 1272 2144 sibi
1311 2086 1413 2144 deos
1457 2088 1617 2145 fingere

141 2155 213 2197 vel
257 2159 535 2208 commutare3
595 2159 639 2198 et
689 2170 818 2211 quum
867 2159 1023 2199 natura
1076 2171 1130 2199 ex
1179 2157 1344 2213 origine
1389 2161 1618 2217 praecipue

141 2225 344 2280 pendeat,
388 2229 433 2269 et
469 2227 640 2270 omnino
678 2241 773 2270 eum
814 2222 978 2283 origine
1006 2227 1159 2283 religio
1189 2224 1439 2285 cohaereat,
1476 2221 1617 2290 plebis

175 2379 203 2423 ¹)
227 2378 303 2414 Hoc
326 2381 405 2416 loco
428 2382 675 2426 monuerimus,
700 2394 743 2418 ne
767 2382 845 2429 quis
869 2385 1008 2418 censeat
1031 2382 1186 2429 plebeios
1202 2382 1283 2418 deos
1298 2388 1615 2436 promerem-quod

228 2439 350 2486 primis
385 2442 601 2489 temporibus
632 2443 733 2490 plebs
764 2444 870 2478 nimis
905 2443 1127 2490 premebatur
1150 2448 1184 2479 ezt
1207 2445 1250 2480 ab
1276 2446 1437 2490 omnibus
1462 2448 1614 2494 publicis

189 2546 191 2548 Ι
227 2498 432 2552 sacerdotiis
455 2502 630 2552 sacrisque
653 2502 924 2550 prohibebatur,
946 2503 1064 2538 viliori
1087 2498 1215 2540 natura
1237 2507 1272 2540 et
1297 2503 1471 2552 dignitate
1493 2508 1614 2548 fuisse.

226 2556 304 2593 [mo
337 2558 490 2597 elucebit
519 2562 611 2599 hanc
643 2563 861 2611 plebeiorum
896 2565 1104 2611 religionem
1140 2564 1291 2613 patricia
1330 2568 1478 2604 fortasse
1515 2581 1613 2616 prae-

226 2618 431 2654 stantiorem
453 2620 578 2667 fuisse,
603 2635 707 2671 quum
732 2636 773 2660 eo
796 2625 918 2672 purior
939 2628 975 2660 et
995 2625 1149 2661 nobilior
1172 2625 1220 2660 sit
1242 2626 1361 2673 aliqua
1383 2625 1520 2677 religio,
1545 2641 1613 2677 quo

226 2678 370 2726 propius
394 2678 439 2716 ad
460 2681 564 2718 unius
587 2685 741 2721 numinis
765 2685 943 2722 notionem
968 2684 1121 2729 accedat,
1146 2688 1181 2721 et
1203 2697 1271 2733 quo
1288 2687 1401 2734 magis
1414 2687 1457 2724 ab
1474 2685 1612 2753 alienis,

226 2739 399 2787 imprimis
421 2740 575 2787 publicis
597 2744 720 2790 rebus,
743 2746 856 2782 libera
880 2750 915 2783 et
938 2747 1055 2782 aliena
1077 2747 1134 2782 sit.

1194 2815 1218 2852 2
