1793 2999
860 126 914 167 22

146 246 297 291 Lunae
326 234 477 302 situm,
505 247 698 304 itemque
728 246 948 290 oraculum
972 248 1074 302 ejus
1101 246 1156 288 in
1168 246 1282 289 urbe
1310 245 1452 288 Tiora.
1472 245 1506 300 ¹)
1535 243 1631 288 Sed

146 315 264 362 Mars
293 318 369 361 ille
397 333 483 361 non
512 319 627 361 idem
650 322 732 373 est,
761 309 933 374 qualem
955 319 1109 374 postea
1123 331 1219 361 oum
1235 315 1347 371 ’Ἆρει
1367 315 1626 360 Graecorum

146 390 367 433 confusum
407 403 505 433 eum
545 391 803 434 invenimus.
871 388 1038 432 Prisca
1052 389 1217 432 Martis
1246 381 1365 432 notio
1400 393 1446 431 et
1474 383 1630 431 natura

143 460 287 519 prodit
323 475 377 503 ex
428 462 620 505 carmine
659 460 840 505 fratrum
880 459 1119 504 Arvalium
1127 461 1164 516 ²)
1206 464 1251 504 et
1286 472 1339 521 ex
1376 458 1629 516 cognomine

143 532 341 587 Gradivi,
371 547 482 589 quae
510 548 597 577 vox
626 548 712 577 non
739 537 831 576 tam
851 532 1039 575 Martem
1058 522 1137 589 per
1152 545 1341 590 pugnam
1358 531 1628 576 incedentem

143 602 376 659 significat,
391 618 521 666 quam
536 605 679 649 deum
683 607 854 661 segetes
868 600 1310 660 circumgredientem
1316 606 1578 647 ettuentem.
1595 600 1629 657 3)

142 673 261 718 Mars
289 675 427 731 igitur
454 673 641 732 agrestis
670 676 790 719 deus'
805 678 885 730 est,
915 676 985 718 cui
1015 690 1065 718 eo
1093 676 1240 732 potius
1270 689 1297 718 a
1313 675 1485 718 Latinis
1506 688 1629 718 sacra

143 746 236 788 fieri
265 750 481 804 poterant.
538 747 659 791 Haec
694 750 844 791 nostra
872 748 1092 791 sententia
1121 761 1172 790 eo
1200 748 1400 802 iuvatur,
1425 746 1555 804 'quod
1583 747 1628 788 in

143 819 299 878 priscis
339 818 460 862 Latii
497 818 668 881 oppidis
706 819 953 863 sacerdotia
992 820 1085 862 eius
1114 821 1259 862 erant.
1299 814 1484 863 florebat
1514 819 1627 862 enim
1690 863 1697 869 ,

143 891 286 934 Albae
327 890 558 947 collegium
599 882 813 934 Saliorum
830 925 841 945 ,
893 893 966 947 qui
1003 891 1137 934 Marti
1165 906 1291 935 sacra
1323 886 1575 945 faciebant,
1590 891 1627 945 ⁴)

141 962 332 1020 itemque
362 961 523 1021 Tibure
555 963 611 1006 et
628 962 819 1006 Tusculi
843 961 878 1018 ⁵)
934 961 1060 1005 Unde
1089 962 1310 1019 sequitur,
1339 964 1401 1005 ut
1415 963 1532 1005 inter
1559 975 1629 1006 an

141 1035 413 1091 tiquissimos
454 1034 576 1077 Latii
611 1034 715 1077 deos
754 1022 874 1076 Mars
911 1035 1175 1095 pernobilem
1209 1035 1350 1077 locum
1381 1035 1627 1077 obtinuerit.

142 1107 236 1149 Pici
274 1121 443 1163 quoque
470 1108 588 1164 regis
616 1109 762 1164 pater,
801 1120 909 1149 avus
937 1106 1080 1149 Fauni
1109 1106 1376 1163 appellatum
1418 1116 1527 1163 quae
1548 1110 1627 1149 'nu-

141 1168 260 1220 mina
288 1191 403 1220 mere
434 1177 595 1220 Latina
623 1177 759 1220 fuisse
779 1180 824 1220 et
840 1191 927 1221 una
942 1189 1038 1220 cum
1059 1166 1200 1220 Marte
1220 1170 1404 1234 aliisque
1421 1180 1626 1220 terrestre

141 1248 252 1291 illud
291 1251 475 1292 naturae
516 1249 775 1305 principium
815 1248 1010 1308 effecisse
1051 1250 1122 1292 vel
1159 1250 1304 1306 potius
1333 1249 1626 1292 diversa-eius

142 1320 399 1376 cognomina
427 1320 561 1363 fuisse
590 1322 708 1363 'recte
737 1314 1042 1376 Schwegle‘rus
1072 1320 1119 1376 (l.
1148 1320 1177 1362 l.
1206 1319 1243 1374 Ι,
1275 1325 1312 1374 1,
1341 1324 1377 1361 4.
1409 1320 1509 1362 Nro.
1543 1320 1627 1372 14.)

159 1523 211 1567 1ἃ)
235 1521 341 1557 Dion.
365 1521 389 1556 l.
413 1521 447 1556 l:
483 1523 587 1565 „und
623 1522 662 1554 δὲ
694 1525 815 1564 ταίτης
845 1520 921 1567 (τῆς
961 1520 1165 1568 Οὐεσβόλας)
1202 1523 1444 1565 τετταράκοντα
1477 1524 1626 1559 σταδίοις

234 1586 419 1627 διῃρὴμένη
432 1584 533 1621 πόλις
548 1583 713 1626 ἐπιφανής
726 1585 844 1625 Zmin,
868 1584 953 1616 ἔνθα
963 1584 1047 1621 νεώς
1060 1585 1148 1616 πάνυ
1163 1584 1301 1627 α’ρχαῒός
1316 1582 1566 1628 ἕστι-νῖἈρεως-Ᾱ*
1584 1603 1625 1610 —-

238 1644 294 1690 ¹1³)
317 1644 342 1681 l.
366 1644 392 1680 l.
415 1671 438 1690 „
463 1645 544 1678 ’Ano‘
570 1645 609 1677 δὲ
634 1645 769 1678 Ῥεάτου
793 1671 800 1677 .
827 1671 833 1678 .
860 1671 866 1677 .
892 1648 963 1681 τοῖς
987 1645 1043 1677 ἐπὶ
1067 1647 1217 1686 Λατίνην
1231 1646 1317 1678 ὁδόν
1340 1648 1492 1678 ἰοῦσι...
1524 1646 1627 1688 Τιώρα

233 1708 254 1750 ἡ
279 1709 467 1749 καλουμένη
503 1707 667 1748 Ματιήνη·
698 1707 734 1740 ἐν
758 1708 858 1749 ταύτῃ
890 1707 927 1739 δὲ
953 1707 1079 1748 λέγεται
1111 1696 1313 1751 χρηστήριοι’
1329 1707 1448 1750 ’Ἄρεως
1471 1709 1626 1748 γενέσθαι

235 1771 324 1804 πάνυ
347 1766 518 1813 ἀρχαῖον.”
544 1787 587 1793 -·
776 1804 779 1807 ,

175 1846 205 1893 ²)
228 1846 300 1883 Gfr.
333 1856 475 1881 carmen
509 1843 599 1880 illud
635 1844 784 1880 fratrum
818 1844 1001 1880 Arvalium
1036 1844 1135 1891 (Act.
1165 1846 1263 1881 fratr.
1293 1846 1382 1883 Arv.
1411 1845 1484 1881 tab.
1510 1844 1627 1894 XLIa
1687 1835 1689 1837 ¹

230 1918 301 1944 sec.
334 1905 543 1942 Mommsen.
572 1904 697 1948 „Rom
732 1895 884 1942 Gesch'.“
920 1904 951 1949 1,
982 1917 1018 1952 p.
1053 1905 1135 1941 147:
1165 1905 1197 1951 1,,
1222 1932 1232 1942 .
1257 1932 1265 1942 .
1290 1934 1300 1944 .
1326 1933 1336 1943 .
1357 1906 1420 1949 Ne!
1449 1905 1625 1949 velum-ve,

231 1966 452 2011 Marmar,
476 1964 550 2001 sins
573 1964 751 2001 incurrere
774 1965 812 2001 in
833 1964 988 2014 pleoresl
1011 1965 1119 2002 Satur
1139 1965 1254 2001 furere
1277 1964 1373 2001 Mars
1387 1992 1396 2010 ,
1418 1965 1527 2001 limen
1546 1965 1626 2011 sali,

229 2031 286 2064 sta
307 2026 453 2063 herber!
478 2052 487 2061 .
511 2052 520 2062 .
545 2052 555 2063 .
579 2053 589 2064 .
619 2026 735 2071 Enos,
759 2026 856 2063 Mars
879 2026 1020 2063 iuvate!
1044 2046 1087 2053 —
1456 2036 1459 2041 ’

172 2107 201 2153 ⁸)
226 2105 279 2143 cf.
301 2103 509 2150 Schwegler
530 2102 561 2148 Ι,
586 2105 618 2148 1,
640 2103 675 2149 4,
698 2103 785 2142 Nro.
809 2103 862 2140 13.
894 2124 938 2130 -
974 2104 1061 2141 Cato
1084 2103 1127 2141 de
1151 2116 1180 2142 r.
1203 2115 1231 2142 r.
1255 2104 1337 2140 141:
1373 2103 1490 2149 „Mars
1514 2107 1625 2153 pater,

229 2168 265 2201 te
288 2174 430 2212 precor,
461 2165 501 2198 ut
523 2166 562 2198 tu
583 2163 724 2199 morbos
747 2165 844 2200 visos
867 2165 1082 2212 invisosque,
1105 2165 1337 2201 vidnertatem
1360 2164 1626 2201 vastitudinem-

229 2237 310 2274 quo,
332 2223 853 2273 calamitatesintemperiasque
867 2224 1086 2273 prohibensis
1104 2224 1272 2273 defendas
1283 2235 1572 2273 aveoeruncesque.
1583 2249 1626 2255 —

173 2305 203 2349 ⁴)
227 2301 530 2340 Of.ore11.1nscr.
549 2301 657 2337 2247:
682 2302 744 2346 „L
769 2301 1083 2340 ANTISTIVS
1106 2302 1181 2339 GN.
1203 2301 1247 2338 Ἐξ
1267 2302 1382 2340 ΗΟΒ.
1403 2303 1624 2339 SAROVLO

227 2361 462 2400 ANTISTIA
478 2361 686 2398 SALIVS
703 2361 1013 2399 ALBANV8.“
1038 2364 1123 2407 eto&
1144 2361 1519 2416 iu.2248:,„P..AEL.
1534 2364 1625 2411 RF.

228 2424 324 2459 PAL
347 2423 360 2468 ΙΙ
382 2422 558 2458 TIRONI
581 2422 593 2466 ΙΙ
616 2422 795 2458 SALIO
820 2422 995 2459 ARCIS
1017 2421 1340 2459 ALBANAE“
1365 2452 1376 2463 .
1400 2448 1409 2459 .
1432 2449 1442 2461 .
1622 2435 1629 2439 ·

173 2501 207 2545 ⁶)
229 2500 301 2536 Cfr.
335 2499 445 2538 Orell.
478 2500 504 2537 l.
526 2499 552 2539 l.
585 2497 698 2534 2249:
744 2499 804 2544 „G.
837 2483 1114 2536 TERENTIVS
1140 2498 1153 2543 ΙΙ
1182 2497 1377 2536 VALENS
1403 2500 1416 2545 n
1444 2500 1623 2539 1H1V1R.

227 2561 381 2597 AEDIL
403 2561 416 2606 ΙΙ
438 2560 543 2597 ΡΟΤ.
567 2560 742 2596 PRAEF.
775 2560 818 2602 Q.
841 2561 886 2602 Q.
916 2559 1030 2598 SAL
1052 2561 1066 2605 ΙΙ
1095 2586 1105 2597 .
1128 2585 1139 2596 .
1162 2586 1173 2597 .
1196 2583 1205 2596 .
1229 2559 1458 2599 PATRONO
1480 2561 1624 2600 MVNI-

228 2621 399 2661 CIPES.“
424 2621 574 2666 (Tibure
592 2621 803 2669 inventum).
848 2621 1006 2663 Quocum
1029 2620 1246 2668 coniungas,
1271 2631 1416 2668 quaeso,
1438 2621 1538 2660 Serv.
1561 2623 1624 2668 (ud

228 2683 319 2720 Aen.
342 2682 452 2719 VIII.
471 2682 566 2729 285.)
599 2682 688 2719 haec
711 2682 841 2718 verba:
875 2680 1131 2728 „Et-Tiburtes
1153 2680 1270 2719 Salios
1292 2682 1398 2719 etiam
1420 2682 1625 2720 dicaverant

227 2769 236 2779 .
261 2769 269 2778 .
294 2769 303 2779 .
329 2767 337 2778 .
361 2742 572 2779 Habuerunt
594 2754 678 2780 sane
702 2744 738 2778 et
759 2742 951 2780 Tusculani
973 2741 1090 2779 Salios
1114 2743 1217 2779 ante
1241 2741 1452 2779 Romanosf·
